@inproceedings{vaswani2017attention,
  title={Attention is All you Need},
  author={Ashish Vaswani and Noam Shazeer and Niki Parmar and Jakob Uszkoreit and Llion Jones and Aidan N. Gomez and Lukasz Kaiser and Illia Polosukhin},
  booktitle={Proceedings of the Annual Conference on Neural Information
        Processing Systems (NIPS)},
  year={2017}
}
@article{kaiser2017depthwise,
  title={Depthwise Separable Convolutions for Neural Machine Translation},
  author={Kaiser, \L{}ukasz and Gomez, Aidan and Chollet, Fran\c{c}ois},
  journal={arXiv preprint arXiv:1706.03059},
  year={2017}
}
@inproceedings{gehring2017convolutional,
  title={Convolutional Sequence to Sequence Learning},
  author={Jonas Gehring and Michael Auli and David Grangier and Denis Yarats and Yann Dauphin},
  booktitle={Proceedings of International Conference on Machine Learning (ICML)},
  year={2017}
}
@article{kalchbrenner2016neural,
  title={Neural machine translation in linear time},
  author={Kalchbrenner, Nal and Espeholt, Lasse and Simonyan, Karen and Oord, Aaron van den and Graves, Alex and Kavukcuoglu, Koray},
  journal={arXiv preprint arXiv:1610.10099},
  year={2016}
}
@article{sutskever2014sequence,
  title={Sequence to Sequence Learning with Neural Networks},
  author={Sutskever, Ilya and Vinyals, Oriol and Le, Quoc V},
  journal={NIPS},
  year={2014}
}
@article{martin2010planning,
  title={Planning in sentence production: Evidence for the phrase as a default planning scope},
  author={Martin, Randi and Crowther, Jason and Knight, Meredith and Tamborello, Franklin and Yang, Chin-Lung},
  journal={Cognition},
  volume={116},
  number={2},
  pages={177--192},
  year={2010},
  publisher={Elsevier}
}
@article{brown1993mathematics,
    title={The mathematics of statistical machine translation: Parameter estimation},
    author={Brown, Peter F and Pietra, Vincent J Della and Pietra, Stephen A Della and Mercer, Robert L},
    journal={Computational linguistics},
    volume={19},
    number={2},
    pages={263--311},
    year={1993},
}
@article{cho2016can,
  title={Can neural machine translation do simultaneous translation?},
  author={Cho, Kyunghyun and Esipova, Masha},
  journal={arXiv preprint arXiv:1606.02012},
  year={2016}
}
@inproceedings{kim2016sequence,
  title={Sequence-level knowledge distillation},
  author={Kim, Yoon and Rush, Alexander},
  booktitle={EMNLP},
  year={2016}
}
@inproceedings{dyer2013simple,
  title={A Simple, Fast, and Effective Reparameterization of {IBM Model 2}},
  author={Dyer, Chris and Chahuneau, Victor and Smith, Noah},
  booktitle={NAACL},
  year={2013}
}
@InProceedings{grissomii2014don,
  author    = {Grissom II, Alvin  and  He, He  and  Boyd-Graber, Jordan  and  Morgan, John  and  Daum\'{e} III, Hal},
  title     = {Don't Until the Final Verb Wait: Reinforcement Learning for Simultaneous Machine Translation},
  booktitle = {Proceedings of the 2014 Conference on Empirical Methods in Natural Language Processing (EMNLP)},
  month     = {October},
  year      = {2014},
  address   = {Doha, Qatar},
  publisher = {Association for Computational Linguistics},
  pages     = {1342--1352},
}
@article{satija2016simultaneous,
  title={Simultaneous Machine Translation using Deep Reinforcement Learning},
  author={Satija, Harsh and Pineau, Joelle},
  journal={Abstraction in Reinforcement Learning Workshop, ICML2016},
  year={2016}
}
@article{bahdanau2014neural,
  title={Neural machine translation by jointly learning to align and translate},
  author={Bahdanau, Dzmitry and Cho, Kyunghyun and Bengio, Yoshua},
  journal={arXiv preprint arXiv:1409.0473},
  year={2014}
}
@inproceedings{papineni2002bleu,
  title={BLEU: a method for automatic evaluation of machine translation},
  author={Papineni, Kishore and Roukos, Salim and Ward, Todd and Zhu, Wei-Jing},
  booktitle={Proceedings of the 40th annual meeting on association for computational linguistics},
  pages={311--318},
  year={2002},
  organization={Association for Computational Linguistics}
}
@article{williams1992simple,
  title={Simple statistical gradient-following algorithms for connectionist reinforcement learning},
  author={Williams, Ronald J},
  journal={Machine learning},
  volume={8},
  number={3-4},
  pages={229--256},
  year={1992},
  publisher={Springer}
}
@article{mnih2014neural,
  title={Neural variational inference and learning in belief networks},
  author={Mnih, Andriy and Gregor, Karol},
  journal={arXiv preprint arXiv:1402.0030},
  year={2014}
}
@article{kingma2014adam,
  title={Adam: A method for stochastic optimization},
  author={Kingma, Diederik and Ba, Jimmy},
  journal={arXiv preprint arXiv:1412.6980},
  year={2014}
}
@article{sennrich2015neural,
  title={Neural machine translation of rare words with subword units},
  author={Sennrich, Rico and Haddow, Barry and Birch, Alexandra},
  journal={arXiv preprint arXiv:1508.07909},
  year={2015}
}
@article{zeiler2012adadelta,
  title={ADADELTA: an adaptive learning rate method},
  author={Zeiler, Matthew D},
  journal={arXiv preprint arXiv:1212.5701},
  year={2012}
}
@article{cho2014learning,
  title={Learning phrase representations using RNN encoder-decoder for statistical machine translation},
  author={Cho, Kyunghyun and Van Merri{\"e}nboer, Bart and Gulcehre, Caglar and Bahdanau, Dzmitry and Bougares, Fethi and Schwenk, Holger and Bengio, Yoshua},
  journal={arXiv preprint arXiv:1406.1078},
  year={2014}
}
@InProceedings{oda-EtAl:2014:P14-2,
  author    = {Oda, Yusuke  and  Neubig, Graham  and  Sakti, Sakriani  and  Toda, Tomoki  and  Nakamura, Satoshi},
  title     = {Optimizing Segmentation Strategies for Simultaneous Speech Translation},
  booktitle = {Proceedings of the 52nd Annual Meeting of the Association for Computational Linguistics (Volume 2: Short Papers)},
  month     = {June},
  year      = {2014},
  address   = {Baltimore, Maryland},
  publisher = {Association for Computational Linguistics},
  pages     = {551--556},
}
@incollection{bengio2012practical,
    title={Practical recommendations for gradient-based training of deep architectures},
    author={Bengio, Yoshua},
    booktitle={Neural Networks: Tricks of the Trade},
    pages={437--478},
    year={2012},
}
@incollection{lecun1998efficient,
    title={Efficient backprop},
    author={LeCun, Yann A and Bottou, L{\'e}on and Orr, Genevieve B and M{\"u}ller, Klaus-Robert},
    booktitle={Neural networks: Tricks of the trade},
    pages={9--48},
    year={1998},
}
@article{bergstra2012random,
    title={Random search for hyper-parameter optimization},
    author={Bergstra, James and Bengio, Yoshua},
    journal={Journal of Machine Learning Research},
    volume={13},
    pages={281--305},
    year={2012}
}
@inproceedings{snoek2012practical,
    title={Practical Bayesian optimization of machine learning algorithms},
    author={Snoek, Jasper and Larochelle, Hugo and Adams, Ryan P},
    booktitle={NIPS},
    pages={2951--2959},
    year={2012}
}
@inproceedings{bergstra2011algorithms,
    title={Algorithms for hyper-parameter optimization},
    author={Bergstra, James S and Bardenet, R{\'e}mi and Bengio, Yoshua and K{\'e}gl, Bal{\'a}zs},
    booktitle={NIPS},
    pages={2546--2554},
    year={2011}
}
@article{brochu2010tutorial,
    title={A tutorial on Bayesian optimization of expensive cost functions, with application to active user modeling and hierarchical reinforcement learning},
    author={Brochu, Eric and Cora, Vlad M and De Freitas, Nando},
    journal={arXiv preprint arXiv:1012.2599},
    year={2010}
}
@article{snoek2015scalable,
    title={Scalable Bayesian Optimization Using Deep Neural Networks},
    author={Snoek, Jasper and Rippel, Oren and Swersky, Kevin and Kiros, Ryan and Satish, Nadathur and Sundaram, Narayanan and Patwary, Md and Ali, Mostofa and Adams, Ryan P and others},
    journal={arXiv preprint arXiv:1502.05700},
    year={2015}
}
@incollection{zeiler2014visualizing,
    title={Visualizing and understanding convolutional networks},
    author={Zeiler, Matthew D and Fergus, Rob},
    booktitle={Computer Vision--ECCV 2014},
    pages={818--833},
    year={2014},
}
@article{cho2013enhanced,
    title={Enhanced gradient for training restricted Boltzmann machines},
    author={Cho, KyungHyun and Raiko, Tapani and Ilin, Alexander},
    journal={Neural computation},
    volume={25},
    number={3},
    pages={805--831},
    year={2013},
}
@article{szegedy2013intriguing,
  title={Intriguing properties of neural networks},
  author={Szegedy, Christian and Zaremba, Wojciech and Sutskever, Ilya and Bruna, Joan and Erhan, Dumitru and Goodfellow, Ian and Fergus, Rob},
  journal={arXiv preprint arXiv:1312.6199},
  year={2013}
}
@inproceedings{nguyen2015deep,
    title={Deep Neural Networks are Easily Fooled: High Confidence Predictions for Unrecognizable Images},
    author={Nguyen, Anh and Yosinski, Jason and Clune, Jeff},
    booktitle={Computer Vision and Pattern Recognition (CVPR '15), IEEE},
    year={2015}
}
@article{goodfellow2014explaining,
    title={Explaining and harnessing adversarial examples},
    author={Goodfellow, Ian J and Shlens, Jonathon and Szegedy, Christian},
    journal={arXiv preprint arXiv:1412.6572},
    year={2014}
}
@article{karpathy2015visualizing,
    title={Visualizing and Understanding Recurrent Networks},
    author={Karpathy, Andrej and Johnson, Justin and Fei-Fei, Li},
    journal={arXiv preprint arXiv:1506.02078},
    year={2015}
}
@article{rumelhart1986learning,
    title={Learning representations by back-propagating errors},
    author={Rumelhart, David and Hinton, Geoffrey and Williams, Ronald},
    journal={Nature},
    pages={323--533},
    year={1986}
}
@article{lecun2015deep,
    title={Deep learning},
    author={LeCun, Yann and Bengio, Yoshua and Hinton, Geoffrey},
    journal={Nature},
    volume={521},
    number={7553},
    pages={436--444},
    year={2015},
}
@inproceedings{krizhevsky2012imagenet,
    title={Imagenet classification with deep convolutional neural networks},
    author={Krizhevsky, Alex and Sutskever, Ilya and Hinton, Geoffrey E},
    booktitle={NIPS},
    pages={1097--1105},
    year={2012}
}
@inproceedings{le1990handwritten,
    title={Handwritten digit recognition with a back-propagation network},
    author={Le Cun, B Boser and Denker, John S and Henderson, D and Howard,
        Richard E and Hubbard, W and Jackel, Lawrence D},
    booktitle={NIPS},
    year={1990},
}
@article{hinton2012deep,
    title={Deep neural networks for acoustic modeling in speech recognition:
        The shared views of four research groups},
    author={Hinton, Geoffrey and Deng, Li and Yu, Dong and Dahl, George E
        and Mohamed, Abdel-rahman and Jaitly, Navdeep and Senior, Andrew and
            Vanhoucke, Vincent and Nguyen, Patrick and Sainath, Tara N and
            others},
    journal={Signal Processing Magazine, IEEE},
    volume={29},
    number={6},
    pages={82--97},
    year={2012},
}
@inproceedings{yao2015describing,
    title={Describing videos by exploiting temporal structure},
    author={Yao, Li and Torabi, Atousa and Cho, Kyunghyun and Ballas,
        Nicolas and Pal, Christopher and Larochelle, Hugo and Courville,
        Aaron},
    booktitle={International Conference on Computer Vision},
    year={2015}
}
@inproceedings{xu2015show,
    title={Show, Attend and Tell: Neural Image Caption Generation with Visual
        Attention},
    author={Xu, Kelvin and Ba, Jimmy and Kiros, Ryan and Cho, Kyunghyun and
        Courville, Aaron and Salakhutdinov, Ruslan and Zemel, Richard and
            Bengio, Yoshua},
    booktitle={International Conference on Machine Learning},
    year={2015}
}
@article{rosenblatt1958perceptron,
    title={The perceptron: a probabilistic model for information storage and
        organization in the brain.},
    author={Rosenblatt, Frank},
    journal={Psychological review},
    volume={65},
    number={6},
    pages={386},
    year={1958},
}
@article{cortes1995support,
    title={Support-vector networks},
    author={Cortes, Corinna and Vapnik, Vladimir},
    journal={Machine learning},
    volume={20},
    number={3},
    pages={273--297},
    year={1995},
}
@article{hinton2006reducing,
    title={Reducing the dimensionality of data with neural networks},
    author={Hinton, Geoffrey E and Salakhutdinov, Ruslan R},
    journal={Science},
    volume={313},
    number={5786},
    pages={504--507},
    year={2006},
}
@article{bengio2003neural,
    title={A Neural probabilistic language model},
    author={Bengio, Yoshua and Ducharme, Rejean and Vincent, Pascal},
    journal={Journal of Machine Learning Research},
    volume={3},
    pages={1137--1155},
    year={2003}
}
@article{fukushima1988neocognitron,
    title={Neocognitron: A hierarchical neural network capable of visual
        pattern recognition},
    author={Fukushima, Kunihiko},
    journal={Neural networks},
    volume={1},
    number={2},
    pages={119--130},
    year={1988},
}
@article{mesnil2014ensemble,
      title={Ensemble of Generative and Discriminative Techniques for Sentiment
          Analysis of Movie Reviews},
        author={Mesnil, Gr{\'e}goire and Ranzato, Marc'Aurelio and Mikolov,
            Tomas and Bengio, Yoshua},
          journal={arXiv preprint arXiv:1412.5335},
            year={2014}
}
@article{luong2015effective,
    title={Effective Approaches to Attention-based Neural Machine
        Translation},
    author={Luong, Minh-Thang and Pham, Hieu and Manning, Christopher D},
    journal={arXiv preprint arXiv:1508.04025},
    year={2015}
}
@inproceedings{luong2015addressing,
    title={Addressing the rare word problem in neural machine translation},
    author={Luong, Minh-Thang and Sutskever, Ilya and Le, Quoc V and
        Vinyals, Oriol and Zaremba, Wojciech},
    booktitle={Proceedings of ACL},
    year={2015}
}
@inproceedings{jean2014using,
    title={On Using Very Large Target Vocabulary for Neural Machine
        Translation},
    author={Jean, S{\'e}bastien and Cho, Kyunghyun and Memisevic, Roland and
        Bengio, Yoshua},
    booktitle={ACL 2015},
    year={2014}
}
@inproceedings{hermann2015teaching,
    title={Teaching Machines to Read and Comprehend},
    author={Hermann, Karl Moritz and Ko{\v{c}}isk{\`y}, Tom{\'a}{\v{s}} and
        Grefenstette, Edward and Espeholt, Lasse and Kay, Will and Suleyman,
        Mustafa and Blunsom, Phil},
    booktitle={The Twenty-ninth Annual Conference on Neural Information
        Processing Systems (NIPS)},
    year={2015}
}
@article{weston2015towards,
    title={Towards AI-complete question answering: a set of prerequisite toy tasks},
    author={Weston, Jason and Bordes, Antoine and Chopra, Sumit and Mikolov, Tomas},
    journal={arXiv preprint arXiv:1502.05698},
    year={2015}
}
@article{weaver1949translation,
    title={Translation},
    author={Weaver, Warren},
    journal={Machine Translation of Languages: Fourteen Essays},
    year={1949}
}
@article{brown1990statistical,
    title={A statistical approach to machine translation},
    author={Brown, Peter F and Cocke, John and Pietra, Stephen A Della and Pietra, Vincent J Della and Jelinek, Fredrick and Lafferty, John D and Mercer, Robert L and Roossin, Paul S},
    journal={Computational linguistics},
    volume={16},
    number={2},
    pages={79--85},
    year={1990},
}
@inproceedings{koehn2003statistical,
    title={Statistical phrase-based translation},
    author={Koehn, Philipp and Och, Franz Josef and Marcu, Daniel},
    booktitle={Proceedings of the 2003 Conference of the North American Chapter of the Association for Computational Linguistics on Human Language Technology-Volume 1},
    pages={48--54},
    year={2003},
    organization={Association for Computational Linguistics}
}
@article{chiang2007hierarchical,
    title={Hierarchical phrase-based translation},
    author={Chiang, David},
    journal={computational linguistics},
    volume={33},
    number={2},
    pages={201--228},
    year={2007},
}
@book{odlin1989, 
    author = "Terence Odlin", 
    title = {Language Transfer},
    publisher = {Cambridge University Press}, 
    year = {1989}, 
    isbn = {9781139524537}, 
    note = {Cambridge Books Online}, 
}
@book{ringbom2007cross,
    title={Cross-linguistic similarity in foreign language learning},
    author={Ringbom, H{\aa}kan},
    volume={21},
    year={2007},
}
@inproceedings{al2000translating,
    title={Translating with scarce resources},
    author={Al-Onaizan, Yaser and Germann, Ulrich and Hermjakob, Ulf and Knight, Kevin and Koehn, Philipp and Marcu, Daniel and Yamada, Kenji},
    booktitle={AAAI/IAAI},
    pages={672--678},
    year={2000}
}
@article{genzel2009creating,
    title={Creating a high-quality machine translation system for a low-resource language: Yiddish},
    author={Genzel, Dmitriy and Macherey, Klaus and Uszkoreit, Jakob},
    journal={Available online at: www. mt-archive. info/MTS-2009-Genzel. pdf},
    year={2009}
}
@article{niessen2004statistical,
    title={Statistical machine translation with scarce resources using morpho-syntactic information},
    author={Nie{\ss}en, Sonja and Ney, Hermann},
    journal={Computational linguistics},
    volume={30},
    number={2},
    pages={181--204},
    year={2004},
}
@inproceedings{kalchbrenner2013recurrent,
    title={Recurrent Continuous Translation Models.},
    author={Kalchbrenner, Nal and Blunsom, Phil},
    booktitle={EMNLP},
    pages={1700--1709},
    year={2013}
}
@techreport{Denil2014c,
    author = {Denil, Misha and Demiraj, Alban and de Freitas, Nando},
    title = {Extraction of Salient Sentences from Labelled Documents},
    year = {2014},
    arxiv = {http://arxiv.org/abs/1412.6815},
    institution = {University of Oxford},
}
@phdthesis{Mikolov-thesis-2012, 
    author = {Tomas Mikolov},
    title = {Statistical Language Models based on Neural Networks},
    year = {2012},
    school = {Brno University of Technology}
}
@article{Gulcehre-Orhan-et-al-2015,
    title={On Using Monolingual Corpora in Neural Machine Translation},
    author={Gulcehre, Caglar and Firat, Orhan and Xu, Kelvin and Cho,
        Kyunghyun and Barrault, Loic and Lin, Huei-Chi and Bougares, Fethi
            and Schwenk, Holger and Bengio, Yoshua},
    journal={arXiv preprint arXiv:1503.03535},
    year={2015}
}
@inproceedings{Cho2014a,
    author = {Cho, Kyunghyun and van Merri\"enboer, Bart and Bahdanau, Dzmitry and Bengio, Yoshua},
    title = {On the Properties of Neural Machine Translation: {E}ncoder--{D}ecoder Approaches},
    year      = 2014,
    month = oct,
    booktitle     = {Eighth Workshop on Syntax, Semantics and Structure in Statistical Translation},
}
@article{wu2007pivot,
    title={Pivot language approach for phrase-based statistical machine
        translation},
    author={Wu, Hua and Wang, Haifeng},
    journal={Machine Translation},
    volume={21},
    number={3},
    pages={165--181},
    year={2007},
}
@inproceedings{utiyama2007comparison,
    title={A Comparison of Pivot Methods for Phrase-Based Statistical Machine
        Translation.},
    author={Utiyama, Masao and Isahara, Hitoshi},
    booktitle={HLT-NAACL},
    pages={484--491},
    year={2007},
}
@inproceedings{vandeghinste2006metis,
    title={METIS-II: Machine Translation for Low Resource Languages},
    author={Vandeghinste, Vincent and Schuurman, Ineka and Carl, Michael and
        Markantonatou, Stella and Badia, Toni},
    booktitle={Proceedings of LREC 2006},
    year={2006}
}
@inproceedings{nakov2009improved,
    title={Improved statistical machine translation for resource-poor
        languages using related resource-rich languages},
    author={Nakov, Preslav and Ng, Hwee Tou},
    booktitle={Proceedings of the 2009 Conference on Empirical Methods in
        Natural Language Processing: Volume 3-Volume 3},
    pages={1358--1367},
    year={2009},
    organization={Association for Computational Linguistics}
}
@article{caruana1997multitask,
    title={Multitask learning},
    author={Caruana, Rich},
    journal={Machine learning},
    volume={28},
    number={1},
    pages={41--75},
    year={1997},
}
@article{collobert2011natural,
    title={Natural language processing (almost) from scratch},
    author={Collobert, Ronan and Weston, Jason and Bottou, L{\'e}on and
        Karlen, Michael and Kavukcuoglu, Koray and Kuksa, Pavel},
    journal={The Journal of Machine Learning Research},
    volume={12},
    pages={2493--2537},
    year={2011},
}
@article{hill2014embedding,
    title={Embedding Word Similarity with Neural Machine Translation},
    author={Hill, Felix and Cho, Kyunghyun and Jean, Sebastien and Devin,
        Coline and Bengio, Yoshua},
    journal={arXiv preprint arXiv:1412.6448},
    year={2014}
}
@article{hill2015learning,
    title={Learning to Understand Phrases by Embedding the Dictionary},
    author={Hill, Felix and Cho, Kyunghyun and Korhonen, Anna and Bengio,
        Yoshua},
    journal={arXiv preprint arXiv:1504.00548},
    year={2015}
}
@inproceedings{Papineni2002,
  title={BLEU: a method for automatic evaluation of machine translation},
  author={Papineni, Kishore and Roukos, Salim and Ward, Todd and Zhu, Wei-Jing},
  booktitle={Proceedings of the 40th annual meeting on association for computational linguistics},
  pages={311--318},
  year={2002},
  organization={Association for Computational Linguistics}
}
@inproceedings{elliott2014comparing,
    title={Comparing automatic evaluation measures for image description},
    author={Elliott, Desmond and Keller, Frank},
    booktitle={Proceedings of the 52nd Annual Meeting of the Association
        for Computational Linguistics: Short Papers},
    year={2014}
}
@InProceedings{Denkowski2014,
  author    = {Michael Denkowski and Alon Lavie},
  title     = {Meteor Universal: Language Specific Translation Evaluation for Any Target Language},
  booktitle = {Proceedings of the EACL 2014 Workshop on Statistical Machine Translation},
  year      = {2014},
}
@article{flores2006language,
    title={Language barriers to health care in the United States},
    author={Flores, Glenn},
    journal={New England Journal of Medicine},
    volume={355},
    number={3},
    pages={229--231},
    year={2006},
    publisher={Mass Medical Soc}
}
@article{chen2004intelligence,
    title={Intelligence and security informatics for homeland security:
        information, communication, and transportation},
    author={Chen, Hsinchun and Wang, Fei-Yue and Zeng, Daniel},
    journal={Intelligent Transportation Systems, IEEE Transactions on},
    volume={5},
    number={4},
    pages={329--341},
    year={2004},
    publisher={IEEE}
}
@article{luong2015multi,
      title={Multi-task Sequence to Sequence Learning},
        author={Luong, Minh-Thang and Le, Quoc V and Sutskever, Ilya and Vinyals, Oriol and Kaiser, Lukasz},
          journal={arXiv preprint arXiv:1511.06114},
            year={2015}
}
@inproceedings{dong2015multi,
      title={Multi-task learning for multiple language translation},
        author={Dong, Daxiang and Wu, Hua and He, Wei and Yu, Dianhai and Wang, Haifeng},
          year={2015},
            organization={ACL}
}
@incollection{NIPS2015_5866,
title = {Pointer Networks},
author = {Vinyals, Oriol and Fortunato, Meire and Jaitly, Navdeep},
booktitle = {NIPS},
pages = {2674--2682},
year = {2015},
publisher = {Curran Associates, Inc.},
}
@incollection{chorowski2015,
title = {Attention-Based Models for Speech Recognition},
author = {Chorowski, Jan K and Bahdanau, Dzmitry and Serdyuk, Dmitriy and Cho, Kyunghyun and Bengio, Yoshua},
booktitle = {NIPS},
pages = {577--585},
year = {2015},
}
@InProceedings{jean2015WMT,
  author    = {Jean, S\'{e}bastien  and  Firat, Orhan  and  Cho, Kyunghyun  and  Memisevic, Roland  and  Bengio, Yoshua},
  title     = {Montreal Neural Machine Translation Systems for WMT'15},
  booktitle = {Proceedings of the Tenth Workshop on Statistical Machine Translation},
  month     = {September},
  year      = {2015},
  address   = {Lisbon, Portugal},
  publisher = {Association for Computational Linguistics},
  pages     = {134--140},
}
@article{Graves13,
  author    = {Alex Graves},
  title     = {Generating Sequences With Recurrent Neural Networks},
  journal   = {CoRR},
  volume    = {abs/1308.0850},
  year      = {2013},
  timestamp = {Tue, 10 Dec 2013 12:03:02 +0100},
  bibsource = {dblp computer science bibliography, http://dblp.org}
}
@article{graves2009novel,
      title={A novel connectionist system for unconstrained handwriting
          recognition},
        author={Graves, Alex and Liwicki, Marcus and Fern{\'a}ndez, Santiago and
            Bertolami, Roman and Bunke, Horst and Schmidhuber, J{\"u}rgen},
          journal={Pattern Analysis and Machine Intelligence, IEEE Transactions
              on},
            volume={31},
              number={5},
                pages={855--868},
                  year={2009},
                    publisher={IEEE}
}
@inproceedings{graves2006connectionist,
      title={Connectionist temporal classification: labelling unsegmented
          sequence data with recurrent neural networks},
        author={Graves, Alex and Fern{\'a}ndez, Santiago and Gomez, Faustino and
            Schmidhuber, J{\"u}rgen},
          booktitle={Proceedings of the 23rd international conference on Machine
              learning},
            pages={369--376},
              year={2006},
                organization={ACM}
}
@inproceedings{bottou1997global,
      title={Global training of document processing systems using graph
          transformer networks},
        author={Bottou, L{\'e}on and Bengio, Yoshua and Le Cun, Yann},
          booktitle={Computer Vision and Pattern Recognition, 1997.
              Proceedings., 1997 IEEE Computer Society Conference on},
            pages={489--494},
              year={1997},
                organization={IEEE}
}
@inproceedings{chorowski2015attention,
      title={Attention-based models for speech recognition},
        author={Chorowski, Jan K and Bahdanau, Dzmitry and Serdyuk, Dmitriy and
            Cho, Kyunghyun and Bengio, Yoshua},
          booktitle={NIPS},
            pages={577--585},
              year={2015}
}
@article{Schuster1997,
    title={Bidirectional recurrent neural networks},
    author={Schuster, Mike and Paliwal, Kuldip K},
    journal={Signal Processing, IEEE Transactions on},
    volume={45},
    number={11},
    pages={2673--2681},
    year={1997},
    publisher={IEEE}
}
@article{hochreiter1997long,
    title={Long short-term memory},
    author={Hochreiter, Sepp and Schmidhuber, J{\"u}rgen},
    journal={Neural computation},
    volume={9},
    number={8},
    pages={1735--1780},
    year={1997},
    publisher={MIT Press}
}
@inproceedings{dai2015semi,
      title={Semi-supervised sequence learning},
        author={Dai, Andrew M and Le, Quoc V},
          booktitle={NIPS},
            pages={3061--3069},
              year={2015}
}
@article{vinyals2014grammar,
      title={Grammar as a foreign language},
        author={Vinyals, Oriol and Kaiser, Lukasz and Koo, Terry and Petrov,
            Slav and Sutskever, Ilya and Hinton, Geoffrey},
          journal={arXiv preprint arXiv:1412.7449},
            year={2014}
}
@inproceedings{kiros2015skip,
      title={Skip-thought vectors},
        author={Kiros, Ryan and Zhu, Yukun and Salakhutdinov, Ruslan R and
            Zemel, Richard and Urtasun, Raquel and Torralba, Antonio and Fidler,
            Sanja},
          booktitle={NIPS},
            pages={3276--3284},
              year={2015}
}
@article{sennrich2015improving,
      title={Improving Neural Machine Translation Models with Monolingual Data},
        author={Sennrich, Rico and Haddow, Barry and Birch, Alexandra},
          journal={arXiv preprint arXiv:1511.06709},
            year={2015}
}
@article{DingWMT14,
  author    = {Weiguang Ding and
               Ruoyan Wang and
               Fei Mao and
               Graham W. Taylor},
  title     = {Theano-based Large-Scale Visual Recognition with Multiple GPUs},
  journal   = {ar{X}iv:1412.2302},
  year      = {2014}
}
@article{pascanu2012difficulty,
      title={On the difficulty of training recurrent neural networks},
        author={Pascanu, Razvan and Mikolov, Tomas and Bengio, Yoshua},
          journal={arXiv preprint arXiv:1211.5063},
            year={2012}
}
@inproceedings{papandreou2011perturb,
      title={Perturb-and-{MAP} random fields: Using discrete optimization to learn
          and sample from energy models},
        author={Papandreou, George and Yuille, Alan L},
          booktitle={Computer Vision (ICCV), 2011 IEEE International Conference
              on},
            pages={193--200},
              year={2011},
                organization={IEEE}
}
@article{li2016mutual,
      title={Mutual Information and Diverse Decoding Improve Neural Machine
          Translation},
        author={Li, Jiwei and Jurafsky, Dan},
          journal={arXiv preprint arXiv:1601.00372},
            year={2016}
}
@incollection{batra2012diverse,
      title={Diverse M-best solutions in {M}arkov random fields},
        author={Batra, Dhruv and Yadollahpour, Payman and Guzman-Rivera, Abner
            and Shakhnarovich, Gregory},
          booktitle={Computer Vision--ECCV 2012},
            pages={1--16},
              year={2012},
                publisher={Springer}
}
@book{manning1999foundations,
      title={Foundations of statistical natural language processing},
        author={Manning, Christopher D and Sch{\"u}tze, Hinrich},
          volume={999},
            year={1999},
              publisher={MIT Press}
}
@article{papandreou20147,
      title={Perturb-and-{MAP} Random Fields: Reducing Random Sampling to
          Optimization, with Applications in Computer Vision},
        author={Papandreou, George and Yuille, Alan},
          journal={Advanced Structured Prediction},
            pages={159},
              year={2014},
                publisher={MIT Press}
}
@inproceedings{bengio2013better,
      title={Better Mixing via Deep Representations},
        author={Bengio, Yoshua and Mesnil, Gregoire and Dauphin, Yann and Rifai,
            Salah},
          booktitle={Proceedings of The 30th International Conference on Machine
              Learning},
            pages={552--560},
              year={2013}
}
@inproceedings{kingma2013auto,
      title={Auto-Encoding Variational Bayes},
        author={Kingma, Diederik P and Welling, Max},
          booktitle={Proceedings of the 2nd International Conference on Learning
              Representations (ICLR)},
            number={2014},
              year={2013}
}
@inproceedings{firat2016multi,
    title={Multi-Way, Multilingual Neural Machine Translation with a Shared
        Attention Mechanism},
    author={Firat, Orhan and Cho, Kyunghyun and Bengio, Yoshua},
    booktitle={NAACL},
    year={2016}
}
@inproceedings{zoph2016rnn,
    title={Simple, Fast Noise-Contrastive Estimation for Large {RNN} Vocabularies},
    author={Zoph, Barret and Vaswani, Ashish and May, Jonathan and Knight,
        Kevin},
    booktitle={NAACL},
    year={2016}
}
@article{bengio1994learning,
      title={Learning long-term dependencies with gradient descent is
          difficult},
        author={Bengio, Yoshua and Simard, Patrice and Frasconi, Paolo},
          journal={Neural Networks, IEEE Transactions on},
            volume={5},
              number={2},
                pages={157--166},
                  year={1994},
                    publisher={IEEE}
}
@incollection{bridle1990probabilistic,
      title={Probabilistic interpretation of feedforward classification network
          outputs, with relationships to statistical pattern recognition},
        author={Bridle, John S},
          booktitle={Neurocomputing},
            pages={227--236},
              year={1990},
                publisher={Springer}
}
@article{cho2015describing,
      title={Describing multimedia content using attention-based encoder-decoder
          networks},
        author={Cho, Kyunghyun and Courville, Aaron and Bengio, Yoshua},
          journal={Multimedia, IEEE Transactions on},
            volume={17},
              number={11},
                pages={1875--1886},
                  year={2015},
                    publisher={IEEE}
}
@article{mikolov2010recurrent,
      title={Recurrent neural network based language model.},
        author={Mikolov, Tomas and Karafi{\'a}t, Martin and Burget, Lukas and
            Cernock{\`y}, Jan and Khudanpur, Sanjeev},
          journal={INTERSPEECH},
            volume={2},
              pages={3},
                year={2010}
}
@article{sundermeyer2015feedforward,
      title={From feedforward to recurrent {LSTM} neural networks for language
          modeling},
        author={Sundermeyer, Martin and Ney, Hermann and Schl{\"u}ter, Ralf},
          journal={TASLP},
            volume={23},
              number={3},
                pages={517--529},
                  year={2015},
}
@article{jozefowicz2016exploring,
      title={Exploring the limits of language modeling},
        author={Jozefowicz, Rafal and Vinyals, Oriol and Schuster, Mike and
            Shazeer, Noam and Wu, Yonghui},
          journal={arXiv preprint arXiv:1602.02410},
            year={2016}
}
@inproceedings{sutskever2011generating,
      title={Generating text with recurrent neural networks},
        author={Sutskever, Ilya and Martens, James and Hinton, Geoffrey E},
          booktitle={Proceedings of the 28th International Conference on Machine
              Learning (ICML-11)},
            pages={1017--1024},
              year={2011}
}
@inproceedings{lu2015study,
      title={A Study of the Recurrent Neural Network Encoder-Decoder for Large
          Vocabulary Speech Recognition},
        author={Lu, Liang and Zhang, Xingxing and Cho, Kyunghyun and Renals,
            Steve},
          booktitle={Sixteenth Annual Conference of the International Speech
              Communication Association},
            year={2015}
}
@inproceedings{bengio2015scheduled,
      title={Scheduled sampling for sequence prediction with recurrent neural
          networks},
        author={Bengio, Samy and Vinyals, Oriol and Jaitly, Navdeep and Shazeer,
            Noam},
          booktitle={NIPS},
            pages={1171--1179},
              year={2015}
}
@article{ranzato2015sequence,
      title={Sequence Level Training with Recurrent Neural Networks},
        author={Ranzato, Marc'Aurelio and Chopra, Sumit and Auli, Michael and
            Zaremba, Wojciech},
          journal={arXiv preprint arXiv:1511.06732},
            year={2015}
}
@article{bahdanau2015task,
      title={Task Loss Estimation for Sequence Prediction},
        author={Bahdanau, Dzmitry and Serdyuk, Dmitriy and Brakel, Phil{\'e}mon
            and Ke, Nan Rosemary and Chorowski, Jan and Courville, Aaron and
                Bengio, Yoshua},
          journal={arXiv preprint arXiv:1511.06456},
            year={2015}
}
@inproceedings{chung2015recurrent,
      title={A Recurrent Latent Variable Model for Sequential Data},
        author={Chung, Junyoung and Kastner, Kyle and Dinh, Laurent and Goel, Kratarth and Courville, Aaron and Bengio, Yoshua},
          booktitle={Advances in Neural Information Processing Systems (NIPS)},
            year={2015}
}
@inproceedings{grissom2014don,
      title={Don't Until the Final Verb Wait: Reinforcement Learning for
          Simultaneous Machine Translation.},
        author={Grissom II, Alvin and He, He and Boyd-Graber, Jordan L and
            Morgan, John and Daum{\'e} III, Hal},
          booktitle={EMNLP},
            pages={1342--1352},
              year={2014}
}
@inproceedings{fujita2013simple,
      title={Simple, lexicalized choice of translation timing for simultaneous
          speech translation.},
        author={Fujita, Tomoki and Neubig, Graham and Sakti, Sakriani and Toda,
            Tomoki and Nakamura, Satoshi},
          booktitle={INTERSPEECH},
              year={2013}
}
@article{daume2009search,
      title={Search-based structured prediction},
        author={Daum{\'e} Iii, Hal and Langford, John and Marcu, Daniel},
          journal={Machine learning},
            volume={75},
              number={3},
                pages={297--325},
                  year={2009},
                    publisher={Springer US}
}
@inproceedings{koehn2007moses,
      title={Moses: Open source toolkit for statistical machine translation},
        author={Koehn, Philipp and Hoang, Hieu and Birch, Alexandra and
            Callison-Burch, Chris and Federico, Marcello and Bertoldi, Nicola
                and Cowan, Brooke and Shen, Wade and Moran, Christine and Zens,
            Richard and others},
          booktitle={Proceedings of the 45th annual meeting of the ACL on
              interactive poster and demonstration sessions},
            pages={177--180},
              year={2007},
                organization={Association for Computational Linguistics}
}
@inproceedings{chung2016character,
      title={A Character-level Decoder without Explicit Segmentation for Neural
          Machine Translation},
        author={Chung, Junyoung and Cho, Kyunghyun and Bengio, Yoshua},
          booktitle={ACL},
            year={2016}
}
@inproceedings{he2016interpretese,
      title={Interpretese vs. Translationese: The Uniqueness of Human Strategies
          in Simultaneous Interpretation},
        author={He, He and Boyd-Graber, Jordan and Graber, Jordan Boyd and
            Daum{\'e} III, Hal},
        booktitle={NAACL},
          year={2016}
}
@inproceedings{Forcada1997,
    author="Forcada, Mikel L.  and {\~{N}}eco, Ram{\'o}n P.",
    title="Recursive hetero-associative memories for translation",
        booktitle="IWANN'97",
        year="1997",
        pages="453--462",
}
@inproceedings{eriguchi2016tree,
    title={Tree-to-Sequence Attentional Neural Machine Translation},
    author={Eriguchi, Akiko and Hashimoto, Kazuma and Tsuruoka, Yoshimasa},
    booktitle={ACL},
    year={2016}
}
@inproceedings{sridhar2013segmentation,
  author    = {Rangarajan Sridhar, Vivek Kumar  and  Chen, John  and  Bangalore, Srinivas  and  Ljolje, Andrej  and  Chengalvarayan, Rathinavelu},
  title     = {Segmentation Strategies for Streaming Speech Translation},
  booktitle = {Proceedings of the 2013 Conference of the North American Chapter of the Association for Computational Linguistics: Human Language Technologies},
  month     = {June},
  year      = {2013},
  address   = {Atlanta, Georgia},
  publisher = {Association for Computational Linguistics},
  pages     = {230--238},
}
@inproceedings{yarmohammadi2013incremental,
      title={Incremental Segmentation and Decoding Strategies for Simultaneous
          Translation},
        author={Yarmohammadi, Mahsa and Sridhar, Vivek Kumar Rangarajan and
            Bangalore, Srinivas and Sankaran, Baskaran},
          booktitle={IJCNLP},
            pages={1032--1036},
              year={2013}
}
@inproceedings{oda2014optimizing,
      title={Optimizing Segmentation Strategies for Simultaneous Speech
          Translation},
        author={Oda, Yusuke and Neubig, Graham and Sakti, Sakriani and Toda,
            Tomoki and Nakamura, Satoshi},
          booktitle={ACL},
            pages={551--556},
              year={2014}
}
@inproceedings{bangalore2012real,
  title={Real-time incremental speech-to-speech translation of dialogs},
  author={Bangalore, Srinivas and Rangarajan Sridhar, Vivek Kumar and Kolan, Prakash and Golipour, Ladan and Jimenez, Aura},
  booktitle={Proceedings of the 2012 Conference of the North American Chapter of the Association for Computational Linguistics: Human Language Technologies},
  pages={437--445},
  year={2012},
  organization={Association for Computational Linguistics}
}
@InProceedings{sennrich-haddow-birch:2016:WMT,
  author    = {Sennrich, Rico  and  Haddow, Barry  and  Birch, Alexandra},
  title     = {Edinburgh Neural Machine Translation Systems for WMT 16},
  booktitle = {Proceedings of the First Conference on Machine Translation},
  month     = {August},
  year      = {2016},
  address   = {Berlin, Germany},
  publisher = {Association for Computational Linguistics},
  pages     = {371--376},
}
@article{fugen2007simultaneous,
  title={Simultaneous translation of lectures and speeches},
  author={F{\"u}gen, Christian and Waibel, Alex and Kolss, Muntsin},
  journal={Machine Translation},
  volume={21},
  number={4},
  pages={209--252},
  year={2007},
  publisher={Springer}
}
@inproceedings{Mieno2015speed,
  title={Speed or accuracy? a study in evaluation of simultaneous speech translation},
  author={Takashi Mieno and Graham Neubig and Sakriani Sakti and Tomoki Toda and Satoshi Nakamura},
  booktitle={INTERSPEECH},
  year={2015}
}
@article{jaitly2015online,
  title={An Online Sequence-to-Sequence Model Using Partial Conditioning},
  author={Jaitly, Navdeep and Le, Quoc V and Vinyals, Oriol and Sutskeyver, Ilya and Bengio, Samy},
  journal={arXiv preprint arXiv:1511.04868},
  year={2015}
}
@article{luo2016learning,
  author    = {Yuping Luo and
               Chung{-}Cheng Chiu and
               Navdeep Jaitly and
               Ilya Sutskever},
  title     = {Learning Online Alignments with Continuous Rewards Policy Gradient},
  journal   = {arXiv preprint arXiv:1608.01281},
  year      = {2016},
  timestamp = {Fri, 02 Sep 2016 17:46:24 +0200},
  bibsource = {dblp computer science bibliography, http://dblp.org}
}
@article{yu2016online,
  title={Online Segment to Segment Neural Transduction},
  author={Yu, Lei and Buys, Jan and Blunsom, Phil},
  journal={arXiv preprint arXiv:1609.08194},
  year={2016}
}
@article{wu2016google,
   author = {{Wu}, Y. and {Schuster}, M. and {Chen}, Z. and {Le}, Q.~V. and 
	{Norouzi}, M. and {Macherey}, W. and {Krikun}, M. and {Cao}, Y. and 
	{Gao}, Q. and {Macherey}, K. and {Klingner}, J. and {Shah}, A. and 
	{Johnson}, M. and {Liu}, X. and {Kaiser}, {\L}. and {Gouws}, S. and 
	{Kato}, Y. and {Kudo}, T. and {Kazawa}, H. and {Stevens}, K. and 
	{Kurian}, G. and {Patil}, N. and {Wang}, W. and {Young}, C. and 
	{Smith}, J. and {Riesa}, J. and {Rudnick}, A. and {Vinyals}, O. and 
	{Corrado}, G. and {Hughes}, M. and {Dean}, J.},
    title = "{Google's Neural Machine Translation System: Bridging the Gap between Human and Machine Translation}",
  journal = {ArXiv e-prints},
archivePrefix = "arXiv",
   eprint = {1609.08144},
 primaryClass = "cs.CL",
 keywords = {Computer Science - Computation and Language, Computer Science - Artificial Intelligence, Computer Science - Learning},
     year = 2016,
    month = sep,
   adsurl = {http://adsabs.harvard.edu/abs/2016arXiv160908144W},
  adsnote = {Provided by the SAO/NASA Astrophysics Data System}
}
@article{bahdanau2016actor,
  title={An actor-critic algorithm for sequence prediction},
  author={Bahdanau, Dzmitry and Brakel, Philemon and Xu, Kelvin and Goyal, Anirudh and Lowe, Ryan and Pineau, Joelle and Courville, Aaron and Bengio, Yoshua},
  journal={arXiv preprint arXiv:1607.07086},
  year={2016}
}
@inproceedings{silver2014deterministic,
  title={Deterministic Policy Gradient Algorithms},
  author={Silver, David and Lever, Guy and Heess, Nicolas and Degris, Thomas and Wierstra, Daan and Riedmiller, Martin},
  booktitle={ICML},
  year={2014}
}
@article{lillicrap2015continuous,
  title={Continuous control with deep reinforcement learning},
  author={Lillicrap, Timothy P and Hunt, Jonathan J and Pritzel, Alexander and Heess, Nicolas and Erez, Tom and Tassa, Yuval and Silver, David and Wierstra, Daan},
  journal={arXiv preprint arXiv:1509.02971},
  year={2015}
}
@inproceedings{heess2015learning,
  title={Learning continuous control policies by stochastic value gradients},
  author={Heess, Nicolas and Wayne, Gregory and Silver, David and Lillicrap, Tim and Erez, Tom and Tassa, Yuval},
  booktitle={Advances in Neural Information Processing Systems},
  pages={2944--2952},
  year={2015}
}
@article{tieleman2012lecture,
  title={Lecture 6.5-rmsprop: Divide the gradient by a running average of its recent magnitude},
  author={Tieleman, Tijmen and Hinton, Geoffrey},
  journal={COURSERA: Neural networks for machine learning},
  volume={4},
  number={2},
  year={2012}
}
@inproceedings{lin2004automatic,
  title={Automatic evaluation of machine translation quality using longest common subsequence and skip-bigram statistics},
  author={Lin, Chin-Yew and Och, Franz Josef},
  booktitle={Proceedings of the 42nd Annual Meeting on Association for Computational Linguistics},
  pages={605},
  year={2004},
  organization={Association for Computational Linguistics}
}
@article{sennrich2016edinburgh,
  title={Edinburgh neural machine translation systems for wmt 16},
  author={Sennrich, Rico and Haddow, Barry and Birch, Alexandra},
  journal={arXiv preprint arXiv:1606.02891},
  year={2016}
}
@inproceedings{chung2016nyu,
  title={NYU-MILA Neural Machine Translation Systems for WMT16},
  author={Chung, Junyoung and Cho, Kyunghyun and Bengio, Yoshua},
  booktitle={Proceedings of the First Conference on Machine Translation, Berlin, Germany. Association for Computational Linguistics},
  year={2016}
}
@article{lee2016fully,
  title={Fully Character-Level Neural Machine Translation without Explicit Segmentation},
  author={Lee, Jason and Cho, Kyunghyun and Hofmann, Thomas},
  journal={arXiv preprint arXiv:1610.03017},
  year={2016}
}
@article{luong2016achieving,
  title={Achieving open vocabulary neural machine translation with hybrid word-character models},
  author={Luong, Minh-Thang and Manning, Christopher D},
  journal={arXiv preprint arXiv:1604.00788},
  year={2016}
}
@article{ling2015character,
  title={Character-based neural machine translation},
  author={Ling, Wang and Trancoso, Isabel and Dyer, Chris and Black, Alan W},
  journal={arXiv preprint arXiv:1511.04586},
  year={2015}
}
@article{costa2016character,
  title={Character-based neural machine translation},
  author={Costa-Jussa, Marta R and Fonollosa, Jos{\'e} AR},
  journal={arXiv preprint arXiv:1603.00810},
  year={2016}
}
@inproceedings{firat2016zero,
  title={Zero-Resource Translation with Multi-Lingual Neural Machine Translation},
  author={Firat, Orhan and Sankaran, Baskaran and Al-Onaizan, Yaser and Vural, Fatos T Yarman and Cho, Kyunghyun},
  booktitle={EMNLP},
  year={2016}
}
@article{ha2016toward,
  title={Toward Multilingual Neural Machine Translation with Universal Encoder and Decoder},
  author={Ha, Thanh-Le and Niehues, Jan and Waibel, Alexander},
  journal={arXiv preprint arXiv:1611.04798},
  year={2016}
}
@article{viegas2016google,
  title={Google's Multilingual Neural Machine Translation System: Enabling Zero-Shot Translation},
  author={Vi{\'e}gas, Fernanda and Corrado, Greg and Dean, Jeffrey and Hughes, Macduff and Wattenberg, Martin and Krikun, Maxim and Johnson, Melvin and Schuster, Mike and Thorat, Nikhil and Le, Quoc V and others},
  year={2016}
}
@article{tu2016modeling,
  title={Modeling coverage for neural machine translation},
  author={Tu, Zhaopeng and Lu, Zhengdong and Liu, Yang and Liu, Xiaohua and Li, Hang},
  journal={arXiv preprint arXiv:1601.04811},
  year={2016}
}
@article{cohn2016incorporating,
  title={Incorporating structural alignment biases into an attentional neural translation model},
  author={Cohn, Trevor and Hoang, Cong Duy Vu and Vymolova, Ekaterina and Yao, Kaisheng and Dyer, Chris and Haffari, Gholamreza},
  journal={arXiv preprint arXiv:1601.01085},
  year={2016}
}
@article{wiseman2016sequence,
  title={Sequence-to-sequence learning as beam-search optimization},
  author={Wiseman, Sam and Rush, Alexander M},
  journal={arXiv preprint arXiv:1606.02960},
  year={2016}
}
@article{shen2015minimum,
  title={Minimum risk training for neural machine translation},
  author={Shen, Shiqi and Cheng, Yong and He, Zhongjun and He, Wei and Wu, Hua and Sun, Maosong and Liu, Yang},
  journal={arXiv preprint arXiv:1512.02433},
  year={2015}
}
@article{cho2016noisy,
  title={Noisy Parallel Approximate Decoding for Conditional Recurrent Language Model},
  author={Cho, Kyunghyun},
  journal={arXiv preprint arXiv:1605.03835},
  year={2016}
}
@article{tu2016neural,
  title={Neural machine translation with reconstruction},
  author={Tu, Zhaopeng and Liu, Yang and Shang, Lifeng and Liu, Xiaohua and Li, Hang},
  journal={arXiv preprint arXiv:1611.01874},
  year={2016}
}
@article{li2016simple,
  title={A Simple, Fast Diverse Decoding Algorithm for Neural Generation},
  author={Li, Jiwei and Monroe, Will and Jurafsky, Dan},
  journal={arXiv preprint arXiv:1611.08562},
  year={2016}
}
@article{gu2016learning,
  title={Learning to translate in real-time with neural machine translation},
  author={Gu, Jiatao and Neubig, Graham and Cho, Kyunghyun and Li, Victor OK},
  journal={arXiv preprint arXiv:1610.00388},
  year={2016}
}
@article{li2017learning,
  title={Learning to Decode for Future Success},
  author={Li, Jiwei and Monroe, Will and Jurafsky, Dan},
  journal={arXiv preprint arXiv:1701.06549},
  year={2017}
}
@inproceedings{koehn2004statistical,
  title={Statistical Significance Tests for Machine Translation Evaluation.},
  author={Koehn, Philipp},
  booktitle={EMNLP},
  pages={388--395},
  year={2004},
}
@article{crego2016systran,
  title={SYSTRAN's Pure Neural Machine Translation Systems},
  author={Crego, Josep and Kim, Jungi and Klein, Guillaume and Rebollo, Anabel and Yang, Kathy and Senellart, Jean and Akhanov, Egor and Brunelle, Patrice and Coquard, Aurelien and Deng, Yongchao and others},
  journal={arXiv preprint arXiv:1610.05540},
  year={2016},
}
@article{johnson2016google,
  author = 	"Johnson, Melvin
		and Schuster, Mike
		and Le, Quoc V.
		and Krikun, Maxim
		and Wu, Yonghui
		and Chen, Zhifeng
		and Thorat, Nikhil
		and Vi{\'e}gas, Fernanda
		and Wattenberg, Martin
		and Corrado, Greg
		and Hughes, Macduff
		and Dean, Jeffrey",
  title = 	"Google's Multilingual Neural Machine Translation System: Enabling Zero-Shot Translation",
  journal = 	"Transactions of the Association for Computational Linguistics",
  year = 	"2017",
  volume = 	"5",
  pages = 	"339--351",
 
}
@InProceedings{zoph2016transfer,
  author = 	"Zoph, Barret
		and Yuret, Deniz
		and May, Jonathan
		and Knight, Kevin",
  title = 	"Transfer Learning for Low-Resource Neural Machine Translation",
  booktitle = 	"Proceedings of the 2016 Conference on Empirical Methods in Natural      Language Processing    ",
  year = 	"2016",
  publisher = 	"Association for Computational Linguistics",
  pages = 	"1568--1575",
  location = 	"Austin, Texas",
  
}
@inproceedings{kim2016character,
 author = {Kim, Yoon and Jernite, Yacine and Sontag, David and Rush, Alexander M.},
 title = {Character-aware Neural Language Models},
 booktitle = {Proceedings of the Thirtieth AAAI Conference on Artificial Intelligence},
 series = {AAAI'16},
 year = {2016},
 location = {Phoenix, Arizona},
 pages = {2741--2749},
 publisher = {AAAI Press},
}
@inproceedings{mikolov2013distributed,
  title={Distributed representations of words and phrases and their compositionality},
  author={Mikolov, Tomas and Sutskever, Ilya and Chen, Kai and Corrado, Greg S and Dean, Jeff},
  booktitle={Advances in neural information processing systems},
  pages={3111--3119},
  year={2013}
}
@inproceedings{pennington2014glove,
  author = {Jeffrey Pennington and Richard Socher and Christopher D. Manning},
  booktitle = {Empirical Methods in Natural Language Processing (EMNLP)},
  title = {GloVe: Global Vectors for Word Representation},
  year = {2014},
  pages = {1532--1543},
  url = {http://www.aclweb.org/anthology/D14-1162},
}
@InProceedings{smith2017offline,
  title={Offline bilingual word vectors, orthogonal transformations and the inverted softmax},
  author={Smith, Samuel L and Turban, David HP and Hamblin, Steven and Hammerla, Nils Y},
  booktitle = {Proceedings of International Conference on Learning Representations (ICLR)},
  year={2017}
}
@InProceedings{P17-1179,
  author = 	"Zhang, Meng
		and Liu, Yang
		and Luan, Huanbo
		and Sun, Maosong",
  title = 	"Adversarial Training for Unsupervised Bilingual Lexicon Induction",
  booktitle = 	"Proceedings of the 55th Annual Meeting of the Association for      Computational Linguistics (Volume 1: Long Papers)    ",
  year = 	"2017",
  publisher = 	"Association for Computational Linguistics",
  pages = 	"1959--1970",
  location = 	"Vancouver, Canada",
 
}
@article{bojanowski2016enriching,
  author = 	"Bojanowski, Piotr
		and Grave, Edouard
		and Joulin, Armand
		and Mikolov, Tomas",
  title = 	"Enriching Word Vectors with Subword Information",
  journal = 	"Transactions of the Association for Computational Linguistics",
  year = 	"2017",
  volume = 	"5",
  pages = 	"135--146",
 
}
@article{koehn2017six,
  title={Six Challenges for Neural Machine Translation},
  author={Koehn, Philipp and Knowles, Rebecca},
  journal={arXiv preprint arXiv:1706.03872},
  year={2017}
}
@InProceedings{devlin:2017:EMNLP2017,
  author    = {Devlin, Jacob},
  title     = {Sharp Models on Dull Hardware: Fast and Accurate Neural Machine Translation Decoding on the CPU},
  booktitle = {Proceedings of the 2017 Conference on Empirical Methods in Natural Language Processing},
  month     = {September},
  year      = {2017},
  address   = {Copenhagen, Denmark},
  publisher = {Association for Computational Linguistics},
  pages     = {2810--2815},
  }
@inproceedings{vinyals2015pointer,
  title={Pointer networks},
  author={Vinyals, Oriol and Fortunato, Meire and Jaitly, Navdeep},
  booktitle={Advances in Neural Information Processing Systems},
  pages={2692--2700},
  year={2015}
}
@article{weston2014memory,
  title={Memory networks},
  author={Weston, Jason and Chopra, Sumit and Bordes, Antoine},
  journal={arXiv preprint arXiv:1410.3916},
  year={2014}
}
@article{kumar2015ask,
  title={Ask me anything: Dynamic memory networks for natural language processing},
  author={Kumar, Ankit and Irsoy, Ozan and Su, Jonathan and Bradbury, James and English, Robert and Pierce, Brian and Ondruska, Peter and Gulrajani, Ishaan and Socher, Richard},
  journal={arXiv preprint arXiv:1506.07285},
  year={2015}
}
@inproceedings{sukhbaatar2015end,
  title={End-to-end memory networks},
  author={Sukhbaatar, Sainbayar and Weston, Jason and Fergus, Rob and others},
  booktitle={Advances in Neural Information Processing Systems},
  pages={2431--2439},
  year={2015}
}
@article{samuel2015generating,
  author    = {Samuel R. Bowman and
               Luke Vilnis and
               Oriol Vinyals and
               Andrew M. Dai and
               Rafal J{\'{o}}zefowicz and
               Samy Bengio},
  title     = {Generating Sentences from a Continuous Space},
  journal   = {CoRR},
  volume    = {abs/1511.06349},
  year      = {2015},
  url       = {http://arxiv.org/abs/1511.06349},
  timestamp = {Tue, 01 Dec 2015 19:22:34 +0100},
  biburl    = {http://dblp.uni-trier.de/rec/bib/journals/corr/BowmanVVDJB15},
  bibsource = {dblp computer science bibliography, http://dblp.org}
}
@article{shang2015neural,
  title={Neural Responding Machine for Short-Text Conversation},
  author={Shang, Lifeng and Lu, Zhengdong and Li, Hang},
  journal={arXiv preprint arXiv:1503.02364},
  year={2015}
}
@article{graves2014neural,
  title={Neural Turing Machines},
  author={Graves, Alex and Wayne, Greg and Danihelka, Ivo},
  journal={arXiv preprint arXiv:1410.5401},
  year={2014}
}
@article{rush2015neural,
  title={A neural attention model for abstractive sentence summarization},
  author={Rush, Alexander M and Chopra, Sumit and Weston, Jason},
  journal={arXiv preprint arXiv:1509.00685},
  year={2015}
}
@article{2016arXiv160101272T,
   author = {{Tran}, K. and {Bisazza}, A. and {Monz}, C.},
    title = "{Recurrent Memory Network for Language Modeling}",
  journal = {ArXiv e-prints},
archivePrefix = "arXiv",
   eprint = {1601.01272},
 primaryClass = "cs.CL",
 keywords = {Computer Science - Computation and Language},
     year = 2016,
    month = jan,
   adsurl = {http://adsabs.harvard.edu/abs/2016arXiv160101272T},
  adsnote = {Provided by the SAO/NASA Astrophysics Data System}
}
@article{hu2015lcsts,
  title={LCSTS: a large scale chinese short text summarization dataset},
  author={Hu, Baotian and Chen, Qingcai and Zhu, Fangze},
  journal={arXiv preprint arXiv:1506.05865},
  year={2015}
}
@InProceedings{luong-EtAl:2015:ACL-IJCNLP,
  author    = {Luong, Thang  and  Sutskever, Ilya  and  Le, Quoc  and  Vinyals, Oriol  and  Zaremba, Wojciech},
  title     = {Addressing the Rare Word Problem in Neural Machine Translation},
  booktitle = {Proceedings of the 53rd Annual Meeting of the Association for Computational Linguistics and the 7th International Joint Conference on Natural Language Processing (Volume 1: Long Papers)},
  month     = {July},
  year      = {2015},
  address   = {Beijing, China},
  publisher = {Association for Computational Linguistics},
  pages     = {11--19},
  url       = {http://www.aclweb.org/anthology/P15-1002}
}
@article{sordoni2015neural,
  title={A neural network approach to context-sensitive generation of conversational responses},
  author={Sordoni, Alessandro and Galley, Michel and Auli, Michael and Brockett, Chris and Ji, Yangfeng and Mitchell, Margaret and Nie, Jian-Yun and Gao, Jianfeng and Dolan, Bill},
  journal={arXiv preprint arXiv:1506.06714},
  year={2015}
}
@inproceedings{lin:2004:ACLsummarization,
  author    = {Lin, Chin-Yew},
  title     = {ROUGE: A Package for Automatic Evaluation of Summaries},
  booktitle = {Text Summarization Branches Out: Proceedings of the ACL-04 Workshop},
  editor = {Marie-Francine Moens, Stan Szpakowicz},
  year      = 2004,
  month     = {July},
  address   = {Barcelona, Spain},
  publisher = {Association for Computational Linguistics},
  pages     = {74--81}
}
@article{vinyals2015neural,
  title={A neural conversational model},
  author={Vinyals, Oriol and Le, Quoc},
  journal={arXiv preprint arXiv:1506.05869},
  year={2015}
}
@inproceedings{vinyals2015grammar,
  title={Grammar as a foreign language},
  author={Vinyals, Oriol and Kaiser, {\L}ukasz and Koo, Terry and Petrov, Slav and Sutskever, Ilya and Hinton, Geoffrey},
  booktitle={Advances in Neural Information Processing Systems},
  pages={2755--2763},
  year={2015}
}
@article{he2015deep,
  title={Deep Residual Learning for Image Recognition},
  author={He, Kaiming and Zhang, Xiangyu and Ren, Shaoqing and Sun, Jian},
  journal={arXiv preprint arXiv:1512.03385},
  year={2015}
}
@article{srivastava2015highway,
  title={Highway networks},
  author={Srivastava, Rupesh Kumar and Greff, Klaus and Schmidhuber, J{\"u}rgen},
  journal={arXiv preprint arXiv:1505.00387},
  year={2015}
}
@article{GaussianMixture,
  title={Mixture models. Inference and applications to clustering},
  author={McLachlan, Geoffrey J and Basford, Kaye E},
  journal={Statistics: Textbooks and Monographs, New York: Dekker, 1988},
  volume={1},
  year={1988}
}
@article{LiuYang,
  author    = {Shiqi Shen and
               Yong Cheng and
               Zhongjun He and
               Wei He and
               Hua Wu and
               Maosong Sun and
               Yang Liu},
  title     = {Minimum Risk Training for Neural Machine Translation},
  journal   = {CoRR},
  volume    = {abs/1512.02433},
  year      = {2015},
  url       = {http://arxiv.org/abs/1512.02433},
  timestamp = {Sat, 02 Jan 2016 11:38:49 +0100},
  biburl    = {http://dblp.uni-trier.de/rec/bib/journals/corr/ShenCHHWSL15},
  bibsource = {dblp computer science bibliography, http://dblp.org}
}
@article{yin2015neural2,
  title={Neural Enquirer: Learning to Query Tables},
  author={Yin, Pengcheng and Lu, Zhengdong and Li, Hang and Kao, Ben},
  journal={arXiv preprint arXiv:1512.00965},
  year={2015}
}
@article{yin2015neural,
  title={Neural Generative Question Answering},
  author={Yin, Jun and Jiang, Xin and Lu, Zhengdong and Shang, Lifeng and Li, Hang and Li, Xiaoming},
  journal={arXiv preprint arXiv:1512.01337},
  year={2015}
}
@article{neelakantan2015neural,
  title={Neural Programmer: Inducing latent programs with gradient descent},
  author={Neelakantan, Arvind and Le, Quoc V and Sutskever, Ilya},
  journal={arXiv preprint arXiv:1511.04834},
  year={2015}
}
@article{kurach2015neural,
  title={Neural Random-Access Machines},
  author={Kurach, Karol and Andrychowicz, Marcin and Sutskever, Ilya},
  journal={arXiv preprint arXiv:1511.06392},
  year={2015}
}
@ARTICLE{Cheng:2015:arXiv,
   author = {{Cheng}, Y. and {Shen}, S. and {He}, Z. and {He}, W. and {Wu}, H. and 
	{Sun}, M. and {Liu}, Y.},
    title = "{Agreement-based Joint Training for Bidirectional Attention-based Neural Machine Translation}",
  journal = {arXiv},
     year = 2015,
}
@ARTICLE{Shen:2015:arXiv,
   author = {{Shen}, S. and {Cheng}, Y. and {He}, Z. and {He}, W. and {Wu}, H. and 
	{Sun}, M. and {Liu}, Y.},
    title = "{Minimum Risk Training for Neural Machine Translation}",
  journal = {arXiv},
     year = 2015,
}
@ARTICLE{Cohn:2016:arXiv,
   author = {{Cohn}, T. and {Hoang}, C.~D.~V. and {Vymolova}, E. and {Yao}, K. and 
	{Dyer}, C. and {Haffari}, G.},
    title = "{Incorporating Structural Alignment Biases into an Attentional Neural Translation Model}",
  journal = {arXiv},
     year = 2016,
}
@ARTICLE{Feng:2016:arXiv,
   author = {{Feng}, S. and {Liu}, S. and {Li}, M. and {Zhou}, M.},
    title = "{Implicit Distortion and Fertility Models for Attention-based Encoder-Decoder NMT Model}",
  journal = {arXiv},
     year = 2016,
}
@article{Brown:1993:CL,
  title={The mathematics of statistical machine translation: Parameter estimation},
  author={Peter E. Brown and Stephen A. Della Pietra and Vincent J. Della Pietra and Robert L. Mercer},
  journal={Computational Linguistics},
  volume={19},
  number={2},
  pages={263--311},
  year={1993},
  publisher={MIT Press}
}
@InProceedings{Och:2003b,
  author    = {Franz Josef Och},
  title     = {Minimum Error Rate Training in Statistical Machine Translation},
  booktitle = {ACL 2003},
  year      = {2003},
}
@INPROCEEDINGS{Liang:2006:NAACL,
  author = {Percy Liang and Ben Taskar and Dan Klein},
  title = {Alignment by agreement},
  booktitle = {NAACL 2006},
  year = {2006},
}
@INPROCEEDINGS{Koehn:2007:ACL,
  author = {Philipp Koehn and Hieu Hoang and Alexandra Birch and Chris Callison-Burch
	and Marcello Federico and Nicola Bertoldi and Brooke Cowan and Wade
	Shen and Christine Moran and Richard Zens and Chris Dyer and Ondrej
	Bojar and Alexandra Constantin and Evan Herbst},
  title = {Moses: open source toolkit for statistical machine translation},
  booktitle = {ACL 2007},
  year = {2007},
}
@inproceedings{Cho:2014:EMNLP,
author = {Cho, Kyunghyun and van Merrienboer, Bart and Gulcehre, Caglar and Bougares, Fethi and Schwenk, Holger and Bengio, Yoshua},
title = {{Learning phrase representations using rnn encoder-decoder for statistical machine translation}},
booktitle = {EMNLP 2014},
year = {2014}
}
@InProceedings{Cho:2014:SSST,
  author    = {Cho, Kyunghyun  and  van Merrienboer, Bart  and  Bahdanau, Dzmitry  and  Bengio, Yoshua},
  title     = {On the properties of neural machine translation: encoder--decoder approaches},
  booktitle = {SSST 2014},
  year      = {2014},
}
@article{Bahdanau:2015:ICLR,
author = {Bahdanau, Dzmitry and Cho, Kyunghyun and Bengio, Yoshua},
title = {{Neural machine translation by jointly learning to align and translate}},
journal = {ICLR 2015},
year = {2015}
}
@InProceedings{Jean:2015:ACL,
  author    = {Jean, S\'{e}bastien  and  Cho, Kyunghyun  and  Memisevic, Roland  and  Bengio, Yoshua},
  title     = {On using very large target vocabulary for neural machine translation},
  booktitle = {ACL 2015},
  year      = {2015},
}
@inproceedings{Luong:2015:EMNLP,
author = {Luong, Minh-Thang and Pham, Hieu and Manning, Christopher D},
title = {{Effective approaches to attention-based neural machine translation}},
booktitle = {EMNLP 2015},
year = {2015}
}
@article{Schuster:1997:TSP,
  title={Bidirectional recurrent neural networks},
  author={Schuster, Mike and Paliwal, Kuldip K},
  journal={IEEE Transactions on Signal Processing},
  volume={45},
  number={11},
  pages={2673--2681},
  year={1997},
  publisher={IEEE}
}
@article{Hochreite:1997,
author = {Hochreiter, S.  and Schmidhuber, J.},
title = {{Long short-term memory}},
journal = {Neural Computation},
year = {1997}
}
@inproceedings{Koehn:2003:NAACL,
author = {Koehn, Philipp and Och, Franz Josef and Marcu, Daniel},
title = {{Statistical phrase-based translation}},
booktitle = {NAACL 2003},
year = {2003}
}
@InProceedings{Quirk:2007:MTSummit,
  title={Faster beam-search decoding for phrasal statistical machine translation},
  author={Quirk, Chris and Moore, Robert},
  booktitle={MT Summit XI},
  year={2007}
}
@InProceedings{Green:2010:NAACL,
  author    = {Green, Spence  and  Galley, Michel  and  Manning, Christopher D.},
  title     = {Improved Models of Distortion Cost for Statistical Machine Translation},
  booktitle = {NAACL 2010},
  year      = {2010},
  pages     = {867--875},
}
@inproceedings{Xu:2015:ICML,
author = {Xu, Kelvin and Ba, Jimmy and Kiros, Ryan and Cho, Kyunghyun and Courville, Aaron and Salakhutdinov, Ruslan and Zemel, Richard and Bengio, Yoshua},
title = {{Show, Attend and Tell: Neural Image Caption Generation with Visual Attention}},
booktitle = {ICML 2015},
year = {2015}
}
@inproceedings{Tu:2012:COLING,
author = {Tu, Zhaopeng and Liu, Yang and He, Yifan and van Genabith, Josef and Liu, Qun and Lin, Shouxun},
title = {{Combining multiple alignments to improve machine translation}},
booktitle = {COLING 2012},
year = {2012}
}
@article{Liu:2015:AAAI,
  title={Contrastive unsupervised word alignment with non-local features},
  author={Liu, Yang and Sun, Maosong},
  journal={AAAI},
  year={2015}
}
@inproceedings{Sutskever:2014:NIPS,
  title={Sequence to sequence learning with neural networks},
  author={Sutskever, Ilya and Vinyals, Oriol and Le, Quoc VV},
  booktitle={NIPS 2014},
  year={2014}
}
@inproceedings{Zhang:2003:SIGHAN,
  title={HHMM-based Chinese lexical analyzer ICTCLAS},
  author={Zhang, Huaping and Yu, Hongkui and Xiong, Deyi and Liu, Qun},
  booktitle={Proceedings of the second SIGHAN workshop on Chinese language processing},
  year={2003},
}
@article{Mikolov:2013:ArXiv,
  title={Efficient estimation of word representations in vector space},
  author={Mikolov, Tomas and Chen, Kai and Corrado, Greg and Dean, Jeffrey},
  journal={arXiv:1301.3781},
  year={2013}
}
@inproceedings{Bengio:2009:ICML,
  title={Curriculum learning},
  author={Bengio, Yoshua and Louradour, J{\'e}r{\^o}me and Collobert, Ronan and Weston, Jason},
  booktitle={ICML 2009},
  year={2009},
}
@inproceedings{Dahl:2013:ICASSP,
  title={Improving deep neural networks for LVCSR using rectified linear units and dropout},
  author={Dahl, George E and Sainath, Tara N and Hinton, Geoffrey E},
  booktitle={ICASSP 2013},
  year={2013},
}
@inproceedings{Zou:2013:EMNLP,
author = {Zou, Will Y and Socher, Richard and Cer, Daniel and Manning, Christopher D},
title = {{Bilingual word embeddings for phrase-based machine translation}},
booktitle = {EMNLP 2013},
year = {2013}
}
@inproceedings{Collobert:2008:ICML,
  title={A unified architecture for natural language processing: Deep neural networks with multitask learning},
  author={Collobert, Ronan and Weston, Jason},
  booktitle={ICML 2008},
  year={2008},
}
@InProceedings{Kalchbrenner:2014:ACL,
  author    = {Kalchbrenner, Nal  and  Grefenstette, Edward  and  Blunsom, Phil},
  title     = {A Convolutional Neural Network for Modelling Sentences},
  booktitle = {ACL 2014},
  year      = {2014},
}
@inproceedings{Wu:2014:EMNLP,
author = {Wu, Haiyang and Dong, Daxiang and Hu, Xiaoguang and Yu, Dianhai and He, Wei and Wu, Hua and Wang, Haifeng and Liu, Ting},
title = {{Improve statistical machine translation with context-sensitive bilingual semantic embedding model}},
booktitle = {EMNLP 2014},
year = {2014}
}
@article{Lecun:1995:BTNN,
  title={Convolutional networks for images, speech, and time series},
  author={LeCun, Yann and Bengio, Yoshua},
  journal={The handbook of Brain Theory and Neural Networks},
  volume={3361},
  year={1995},
}
@article{Bengio:2009:FTML,
  title={Learning deep architectures for AI},
  author={Bengio, Yoshua},
  journal={Foundations and Trends{\textregistered} in Machine Learning},
  volume={2},
  number={1},
  pages={1--127},
  year={2009},
}
@inproceedings{Le:2014:ICML,
  title={Distributed representations of sentences and documents},
  author={Le, Quoc V and Mikolov, Tomas},
  journal={ICML 2014},
  year={2014}
}
@inproceedings{Carpuat:2005:ACL,
  title={Word sense disambiguation vs. statistical machine translation},
  author={Carpuat, Marine and Wu, Dekai},
  booktitle={ACL 2005},
  year={2005},
}
@inproceedings{Xiong:2014:ACL,
author = {Xiong, Deyi and Zhang, Min},
title = {{A sense-based translation model for statistical machine translation}},
booktitle = {ACL 2014},
year = {2014}
}
@article{Chiang:2007:CL,
author = {Chiang, David},
title = {{Hierarchical phrase-based translation}},
journal = {CL},
year = {2007}
}
@inproceedings{He:2008:COLING,
  title={Improving statistical machine translation using lexicalized rule selection},
  author={He, Zhongjun and Liu, Qun and Lin, Shouxun},
  booktitle={COLING 2008},
  year={2008},
}
@inproceedings{Liu:2008:EMNLP,
 author = {Liu, Qun and He, Zhongjun and Liu, Yang and Lin, Shouxun},
 title = {Maximum entropy based rule selection model for syntax-based statistical machine translation},
 booktitle = {EMNLP 2008},
 year = {2008},
}
@inproceedings{Marton:2008:ACL,
  title={Soft Syntactic Constraints for Hierarchical Phrased-Based Translation},
  author={Marton, Yuval and Resnik, Philip},
  booktitle={ACL 2008},
  year={2008},
}
@inproceedings{Xiao:2012:ACL,
author = {Xiao, Xinyan and Xiong, Deyi and Zhang, Min and Liu, Qun and Lin, Shouxun},
title = {{A Topic Similarity Model for Hierarchical Phrase-based Translation}},
booktitle = {ACL 2012},
year = {2012}
}
@inproceedings{Xiong:2013:AAAI,
author = {Xiong, Deyi and Zhang, Min},
title = {{A topic-based coherence model for statistical machine translation}},
booktitle = {AAAI 2013},
year = {2013}
}
@InProceedings{Xiong:2006:ACL,
  author    = {Xiong, Deyi  and  Liu, Qun  and  Lin, Shouxun},
  title     = {Maximum Entropy Based Phrase Reordering Model for Statistical Machine Translation},
  booktitle = {ACL 2006},
  year      = {2006}
}
@conference{Hu:2014:NIPS,
author = {Hu, Baotian and Lu, Zhengdong and Li, Hang and Chen, Qingcai},
title = {{Convolutional neural network architectures for matching natural language sentences}},
booktitle = {NIPS 2014},
year = {2014}
}
@inproceedings{Lu:2013:NIPS,
author = {Lu, Zhengdong and Li, Hang},
title = {{A deep architecture for matching short texts}},
booktitle = {NIPS},
year = {2013}
}
@inproceedings{Li:2013:EMNLP,
author = {Li, Peng and Liu, Yang and Sun, Maosong},
title = {{Recursive autoencoders for ITG-based translation}},
booktitle = {EMNLP 2013},
year = {2013}
}
@inproceedings{Yang:2013:ACL,
author = {Yang, Nan and Liu, Shujie and Li, Mu and Zhou, Ming and Yu, Nenghai},
title = {{Word Alignment Modeling with Context Dependent Deep Neural Network}},
booktitle = {ACL 2013},
year = {2013}
}
@inproceedings{Liu:2013:ACL,
author = {Liu, lemao and Watanabe, Taro and Sumita, Eiichiro and Zhao, Tiejun},
title = {{Additive Neural Networks for Statistical Machine Translation}},
booktitle = {ACL 2013},
year = {2013}
}
@article{Collobert:2011:JMLR,
  title={Natural language processing (almost) from scratch},
  author={Collobert, Ronan and Weston, Jason and Bottou, L{\'e}on and Karlen, Michael and Kavukcuoglu, Koray and Kuksa, Pavel},
  journal={JMLR},
  year={2011}
}
@inproceedings{Socher:2011:EMNLP,
  title={Semi-supervised recursive autoencoders for predicting sentiment distributions},
  author={Socher, Richard and Pennington, Jeffrey and Huang, Eric H and Ng, Andrew Y and Manning, Christopher D},
  booktitle={EMNLP 2011},
  year={2011}
}
@inproceedings{Socher:2011:ICML,
  title={Parsing natural scenes and natural language with recursive neural networks},
  author={Socher, Richard and Lin, Cliff C and Manning, Chris and Ng, Andrew Y},
  booktitle={ICML 2011},
  year={2011}
}
@inproceedings{Koehn:2003,
author = {Koehn, Philipp and Och, Franz Josef and Marcu, Daniel},
title = {{Statistical phrase-based translation}},
booktitle = {NAACL 2003},
year = {2003}
}
@inproceedings{Mikolov:2010:INTERSPEECH,
author = {Mikolov, Tomas and Karafi{\'a}t, Martin and Burget, Lukas and Cernock{\`y}, Jan and Khudanpur, Sanjeev},
title = {{Recurrent neural network based language model}},
booktitle = {INTERSPEECH 2010},
year = {2010}
}
@article{Bengio:2003:JMLR,
author = {Bengio, Yoshua and Ducharme, R{\'e}jean and Vincent, Pascal and Janvin, Christian},
title = {{A neural probabilistic language model}},
journal = {JMLR},
year = {2003}
}
@inproceedings{Vaswani:2013:EMNLP,
author = {Vaswani, Ashish and Zhao, Yinggong and Fossum, Victoria and Chiang, David},
title = {{Decoding with large-scale neural language models improves translation}},
booktitle = {EMNLP 2013},
year = {2013}
}
@inproceedings{Kalchbrenner:2013:EMNLP,
author = {Kalchbrenner, Nal and Blunsom, Phil},
title = {{Recurrent continuous translation models}},
booktitle = {EMNLP 2013},
year = {2013}
}
@inproceedings{Lu:2014:ACL,
author = {Lu, Shixiang and Chen, Zhenbiao and Xu, Bo},
title = {{Learning new semi-supervised deep auto-encoder features for statistical machine translation}},
booktitle = {ACL 2014},
year = {2014}
}
@inproceedings{Zhang:2014:ACL,
author = {Zhang, Jiajun and Liu, Shujie and Li, Mu and Zhou, Ming and Zong, Chengqing},
title = {{Bilingually-constrained phrase embeddings for machine translation}},
booktitle = {ACL 2014},
year = {2014}
}
@inproceedings{Liu:2014:ACL,
author = {Liu, Shujie and Yang, Nan and Li, Mu and Zhou, Ming},
title = {{A recursive recurrent neural network for statistical machine translation}},
booktitle = {ACL 2014},
year = {2014}
}
@inproceedings{Schwenk:2012:COLING,
author = {Schwenk, Holger},
title = {{Continuous space translation models for phrase-based statistical machine translation}},
booktitle = {COLING 2012 poster},
year = {2012}
}
@inproceedings{Tamura:2014:ACL,
author = {Tamura, Akihiro and Watanabe, Taro and Sumita, Eiichiro},
title = {{Recurrent neural networks for word alignment model}},
booktitle = {ACL 2014},
year = {2014}
}
@inproceedings{Schwenk:2007:EMNLP,
author = {Schwenk, Holger and R Costa-jussa, Marta and R Fonollosa, Jose A},
title = {{Smooth bilingual n-gram translation}},
booktitle = {EMNLP 2007},
year = {2007}
}
@inproceedings{Auli:2013:EMNLP,
author = {Auli, Michael and Galley, Michel and Quirk, Chris and Zweig, Geoffrey},
title = {{Joint language and translation modeling with recurrent neural networks}},
booktitle = {EMNLP 2013},
year = {2013}
}
@inproceedings{Wang:2013:EMNLP,
author = {Wang, Rui and Utiyama, Masao and Goto, Isao and Sumita, Eiichro and Zhao, Hai and Lu, Bao-Liang},
title = {{Converting continuous-space language models into n-gram language models for statistical machine translation}},
booktitle = {EMNLP 2013},
year = {2013}
}
@inproceedings{Le:2012:NAACL,
author = {Le, Hai Son and Allauzen, Alexandre and Yvon, Fran{\c c}ois},
title = {{Continuous space translation models with neural networks}},
booktitle = {NAACL 2012},
year = {2012}
}
@inproceedings{Gao:2014:ACL,
author = {Gao, Jianfeng and He, Xiaodong and Yih, Wen-tau and Deng, Li},
title = {{Learning continuous phrase representations for translation modeling}},
booktitle = {ACL 2014},
year = {2014}
}
@inproceedings{Cui:2014:ACL,
author = {Cui, Lei and Zhang, Dongdong and Liu, Shujie and Chen, Qiming and Li, Mu and Zhou, Ming and Yang, Muyun},
title = {{Learning topic representation for smt with neural networks}},
booktitle = {ACL 2014},
year = {2014}
}
@inproceedings{Devlin:2014:ACL,
author = {Devlin, Jacob and Zbib, Rabih and Huang, Zhongqiang and Lamar, Thomas and Schwartz, Richard and Makhoul, John},
title = {{Fast and robust neural network joint models for statistical machine translation}},
booktitle = {ACL 2014},
year = {2014}
}
@inproceedings{Schwenk:2006:COLING,
author = {Schwenk, Holger and Dchelotte, Daniel and Gauvain, Jean-Luc},
title = {{Continuous space language models for statistical machine translation}},
booktitle = {COLING/ACL 2006 poster},
year = {2006}
}
@inproceedings{Hu:2014:EACL,
author = {Hu, Yuening and Auli, Michael and Gao, Qin and Gao, Jianfeng},
title = {{Minimum translation modeling with recurrent neural networks}},
booktitle = {EACL 2014},
year = {2014}
}
@article{Sutskever:2014:arXiv,
author = {Sutskever, Ilya and Vinyals, Oriol and Le, Quoc V},
title = {{Sequence to sequence learning with neural networks}},
journal = {arXiv},
year = {2014}
}
@article{Pouget-Abadie:2014:arXiv,
author = {Pouget-Abadie, Jean and Bahdanau, Dzmitry and van Merrienboer, Bart and Cho, Kyunghyun and Bengio, Yoshua},
title = {{Overcoming the curse of sentence length for neural machine translation using automatic segmentation}},
journal = {arXiv},
year = {2014}
}
@InProceedings{Ayan:2005,
  author    = {Ayan, Necip Fazil  and  Dorr, Bonnie J.  and  Monz, Christof},
  title     = {NeurAlign: Combining Word Alignments Using Neural Networks},
  booktitle = {Proceedings of Human Language Technology Conference and Conference on Empirical Methods in Natural Language Processing},
  month     = {October},
  year      = {2005},
  address   = {Vancouver, British Columbia, Canada},
  publisher = {Association for Computational Linguistics},
  pages     = {65--72},
}
@InProceedings{Ayan:2006,
  author    = {Ayan, Necip Fazil  and  Dorr, Bonnie J.},
  title     = {Going Beyond AER: An Extensive Analysis of Word Alignments and Their Impact on MT},
  booktitle = {Proceedings of the 21st International Conference on Computational Linguistics and 44th Annual Meeting of the Association for Computational Linguistics},
  month     = {July},
  year      = {2006},
  address   = {Sydney, Australia},
  publisher = {Association for Computational Linguistics},
  pages     = {9--16},
}
@InProceedings{Blunsom:2006,
  author    = {Blunsom, Phil  and  Cohn, Trevor},
  title     = {Discriminative Word Alignment with Conditional Random Fields},
  booktitle = {Proceedings of the 21st International Conference on Computational Linguistics and 44th Annual Meeting of the Association for Computational Linguistics},
  month     = {July},
  year      = {2006},
  address   = {Sydney, Australia},
  publisher = {Association for Computational Linguistics},
  pages     = {65--72},
}
@INPROCEEDINGS{Charniak:2005,
  author = {Eugene Charniak and Mark Johnson},
  title = {Coarse-to-fine n-best parsing and MaxEnt discriminative reranking},
  booktitle = {Proceedings of the 43rd Annual Meeting on Association for Computational
	Linguistics},
  year = {2005},
  pages = {180},
  organization = {Association for Computational Linguistics},
  file = {:2005-ACL-EugeneCharniak-nbest parsing.pdf:PDF}
}
@ARTICLE{Brickel:1977,
  author = {Peter J. Brickel and Kjell A Doksum},
  title = {Mathematical statistics: basic ideas and selected topics},
  year = {1977},
  publisher={Holden-Day}
}
@ARTICLE{Chiang:2007,
  author = {David Chiang},
  title = {Hierarchical phrase-based translation},
  journal = {Computational Linguistics},
  year = {2007},
  volume = {33},
  pages = {201--228},
  number = {2},
  file = {:2007-CL-DavidChiang-hpb.pdf:PDF},
  keywords = {hierarchical},
  publisher = {MIT Press}
}
@INPROCEEDINGS{Chiang:2005,
  author = {David Chiang},
  title = {A hierarchical phrase-based model for statistical machine translation},
  booktitle = {Proceedings of the 43rd Annual Meeting on Association for Computational
	Linguistics},
  year = {2005},
  pages = {263--270},
  organization = {Association for Computational Linguistics},
  file = {:2005-ACL-DavidChiang-hierarchical.pdf:PDF},
  keywords = {hierarchical}
}
@INPROCEEDINGS{Chiang:2009,
  author = {David Chiang and Kevin Knight and Wei Wang},
  title = {11,001 new features for statistical machine translation},
  booktitle = {Proceedings of Human Language Technologies: The 2009 Annual Conference
	of the North American Chapter of the Association for Computational
	Linguistics},
  year = {2009},
  pages = {218--226},
  address = {Boulder, Colorado},
  month = {June},
  publisher = {Association for Computational Linguistics},
  file = {:2009-NAACL-DavidChiang-11,001.pdf:PDF:},
  keywords = {hierarchical},
  url = {http://www.aclweb.org/anthology/N/N09/N09-1025}
}
@INPROCEEDINGS{Chiang:2008,
  author = {David Chiang and Yuval Marton and Philip Resnik},
  title = {Online large-margin training of syntactic and structural translation
	features},
  booktitle = {Proceedings of the 2008 Conference on Empirical Methods in Natural
	Language Processing},
  year = {2008},
  pages = {224--233},
  address = {Honolulu, Hawaii},
  month = {October},
  publisher = {Association for Computational Linguistics},
  file = {:2008-EMNLP-DavidChiang-mira.pdf:PDF},
  keywords = {hierarchical},
  url = {http://www.aclweb.org/anthology/D08-1024}
}
@PHDTHESIS{Collins:1999,
  author = {Michael Collins},
  title = {Head-driven statistical models for natural language parsing},
  school = {University of Pennsylvania},
  year = {1999},
  file = {:1999-PHD-MichaelCollins-head-driven parsing.pdf:PDF},
  owner = {tuzhaopeng},
  timestamp = {2010.01.22}
}
@INPROCEEDINGS{Collins:2005,
  author = {Collins, M. and Koehn, P. and Ku{\v{c}}erov{\'a}, I.},
  title = {{Clause restructuring for statistical machine translation}},
  booktitle = {ACL 2005},
  year = {2005},
}
@InProceedings{DeNero:2009,
  author    = {DeNero, John  and  Chiang, David  and  Knight, Kevin},
  title     = {Fast Consensus Decoding over Translation Forests},
  booktitle = {Proceedings of the Joint Conference of the 47th Annual Meeting of the ACL and the 4th International Joint Conference on Natural Language Processing of the AFNLP},
  month     = {August},
  year      = {2009},
  address   = {Suntec, Singapore},
  publisher = {Association for Computational Linguistics},
  pages     = {567--575},
}
@INPROCEEDINGS{DeNero:2010a,
  author = {John DeNero and Dan Klein},
  title = {Discriminative modeling of extraction sets for machine translation},
  booktitle = {Proceedings of the 48th Annual Meeting of the Association for Computational
	Linguistics},
  year = {2010},
  pages = {1453--1463},
  address = {Uppsala, Sweden},
  month = {July},
  publisher = {Association for Computational Linguistics},
  file = {:2010-ACL-JohnDeNero-extraction sets.pdf:PDF},
  url = {http://www.aclweb.org/anthology/P10-1147}
}
@InProceedings{DeNero:2010,
  author    = {DeNero, John  and  Kumar, Shankar  and  Chelba, Ciprian  and  Och, Franz},
  title     = {Model Combination for Machine Translation},
  booktitle = {Human Language Technologies: The 2010 Annual Conference of the North American Chapter of the Association for Computational Linguistics},
  month     = {June},
  year      = {2010},
  address   = {Los Angeles, California},
  publisher = {Association for Computational Linguistics},
  pages     = {975--983},
}
@InProceedings{Denero:2011,
  author    = {DeNero, John  and  Macherey, Klaus},
  title     = {Model-Based Aligner Combination Using Dual Decomposition},
  booktitle = {Proceedings of the 49th Annual Meeting of the Association for Computational Linguistics: Human Language Technologies},
  month     = {June},
  year      = {2011},
  address   = {Portland, Oregon, USA},
  publisher = {Association for Computational Linguistics},
  pages     = {420--429},
}
@INPROCEEDINGS{Deng:2008,
  author = {Yonggang Deng and Jia Xu and Yuqing Gao},
  title = {Phrase table training for precision and recall: what makes a good
	phrase and a good phrase pair?},
  booktitle = {Proceedings of ACL-08: HLT},
  year = {2008},
  pages = {81--88},
  address = {Columbus, Ohio},
  month = {June},
  publisher = {Association for Computational Linguistics},
  file = {:2008-ACL-YonggangDeng-phrase table training.pdf:PDF},
  owner = {tuzhaopeng},
  timestamp = {2010.01.31},
  url = {http://www.aclweb.org/anthology/P/P08/P08-1010}
}
@INPROCEEDINGS{Ding:2005,
  author = {Yuan Ding and Martha Palmer},
  title = {Machine translation using probabilistic synchronous dependency insertion
	grammars},
  booktitle = {Proceedings of the 43rd Annual Meeting on Association for Computational
	Linguistics},
  year = {2005},
  pages = {541--548},
  organization = {Association for Computational Linguistics},
  file = {:2005-ACL-YuanDing-synchronous dependency insertion grammars.pdf:PDF},
  location = {Ann Arbor, Michigan}
}
@InProceedings{Duan:2010,
  author    = {Duan, Nan  and  Li, Mu  and  Zhang, Dongdong  and  Zhou, Ming},
  title     = {Mixture Model-based Minimum Bayes Risk Decoding using Multiple Machine Translation Systems},
  booktitle = {Proceedings of the 23rd International Conference on Computational Linguistics (Coling 2010)},
  month     = {August},
  year      = {2010},
  address   = {Beijing, China},
  publisher = {International Committee on Computational Linguistics},
  pages     = {313--321},
}
@INPROCEEDINGS{Dyer:2008,
  author = {Christopher Dyer and Smaranda Muresan and Philip Resnik},
  title = {Generalizing word lattice translation},
  booktitle = {Proceedings of ACL-08: HLT},
  year = {2008},
  pages = {1012--1020},
  address = {Columbus, Ohio},
  month = {June},
  publisher = {Association for Computational Linguistics},
  file = {:2008-ACL-ChristopherDyer-word lattice.pdf:PDF},
  url = {http://www.aclweb.org/anthology/P/P08/P08-1115}
}
@INPROCEEDINGS{Dyer:2010,
  author = {Dyer, Chris and Resnik, Philip},
  title = {Context-free reordering, finite-state translation},
  booktitle = {Human Language Technologies: The 2010 Annual Conference of the North
	American Chapter of the Association for Computational Linguistics},
  year = {2010},
  pages = {858--866},
  address = {Los Angeles, California},
  month = {June},
  publisher = {Association for Computational Linguistics},
  file = {:2010-NAACL-ChrisDyer-contex-free reordering.pdf:PDF},
  url = {http://www.aclweb.org/anthology/N10-1128}
}
@INPROCEEDINGS{Ehling:2007,
  author = {Nicola Ehling and Richard Zens and Hermann Ney},
  title = {Minimum bayes risk decoding for BLEU},
  booktitle = {Proceedings of the 45th Annual Meeting of the Association for Computational
	Linguistics Companion Volume Proceedings of the Demo and Poster Sessions},
  year = {2007},
  pages = {101--104},
  address = {Prague, Czech Republic},
  month = {June},
  publisher = {Association for Computational Linguistics},
  file = {:2007-ACL-NicolaEhling-Minimum Bayes Risk Decoding for BLEU.pdf:PDF},
  url = {http://www.aclweb.org/anthology/P07-2026}
}
@InProceedings{Feng:2009,
  author    = {Feng, Yang  and  Liu, Yang  and  Mi, Haitao  and  Liu, Qun  and  L{\"u}, Yajuan},
  title     = {Lattice-based System Combination for Statistical Machine Translation},
  booktitle = {Proceedings of the 2009 Conference on Empirical Methods in Natural Language Processing},
  month     = {August},
  year      = {2009},
  address   = {Singapore},
  publisher = {Association for Computational Linguistics},
  pages     = {1105--1113},
  url       = {http://www.aclweb.org/anthology/D/D09/D09-1115}
}
@InProceedings{Fossum:2009,
  author    = {Fossum, Victoria  and  Knight, Kevin},
  title     = {Combining Constituent Parsers},
  booktitle = {Proceedings of Human Language Technologies: The 2009 Annual Conference of the North American Chapter of the Association for Computational Linguistics, Companion Volume: Short Papers},
  month     = {June},
  year      = {2009},
  address   = {Boulder, Colorado},
  publisher = {Association for Computational Linguistics},
  pages     = {253--256},
  url       = {http://www.aclweb.org/anthology/N/N09/N09-2064}
}
@Article{Fraser:2007,
  title={Measuring word alignment quality for statistical machine translation},
  author={Fraser, Alexander and Marcu, Daniel},
  journal={Computational Linguistics},
  volume={33},
  number={3},
  pages={293--303},
  year={2007},
  publisher={MIT Press}
}
@INPROCEEDINGS{Galley:2006,
  author = {Michel Galley and Jonathan Graehl and Kevin Knight and Daniel Marcu
	and Steve DeNeefe and Wei Wang and Ignacio Thayer},
  title = {Scalable inference and training of context-rich syntactic translation
	models},
  booktitle = {Proceedings of the 21st International Conference on Computational
	Linguistics and 44th Annual Meeting of the Association for Computational
	Linguistics},
  year = {2006},
  pages = {961--968},
  address = {Sydney, Australia},
  month = {July},
  publisher = {Association for Computational Linguistics},
  doi = {10.3115/1220175.1220296},
  file = {:2006-ACL-MichelGalley-syntactic translation.pdf:PDF},
  url = {http://www.aclweb.org/anthology/P06-1121}
}
@INPROCEEDINGS{Galley:04,
  author = {Michel Galley and Mark Hopkins and Kevin Knight and Daniel Marcu},
  title = {What's in a translation rule?},
  booktitle = {Proceedings of HLT-NAACL 2004},
  year = {2004},
  editor = {Susan Dumais, Daniel Marcu and Salim Roukos},
  pages = {273--280},
  address = {Boston, Massachusetts, USA},
  month = {May 2 - May 7},
  publisher = {Association for Computational Linguistics},
  file = {:2004-NAACL-MichelGalley-what is in a rule.pdf:PDF}
}
@INPROCEEDINGS{Gispert:2010,
  author = {de Gispert, Adri\`{a} and Pino, Juan and Byrne, William},
  title = {Hierarchical Phrase-Based Translation Grammars Extracted from Alignment
	Posterior Probabilities},
  booktitle = {Proceedings of the 2010 Conference on Empirical Methods in Natural
	Language Processing},
  year = {2010},
  pages = {545--554},
  address = {Cambridge, MA},
  month = {October},
  publisher = {Association for Computational Linguistics},
  file = {:2010-EMNLP-AdriaGispert-hierarchical grammars from alignment posterior probabilities.pdf:PDF},
  url = {http://www.aclweb.org/anthology/D10-1053}
}
@InProceedings{Gonzalez-Rubio:2011,
  author    = {Gonz\'{a}lez-Rubio, Jes\'{u}s  and  Juan, Alfons  and  Casacuberta, Francisco},
  title     = {Minimum Bayes-risk System Combination},
  booktitle = {Proceedings of the 49th Annual Meeting of the Association for Computational Linguistics: Human Language Technologies},
  month     = {June},
  year      = {2011},
  address   = {Portland, Oregon, USA},
  publisher = {Association for Computational Linguistics},
  pages     = {1268--1277},
}
@INPROCEEDINGS{He:2008,
  title = {Indirect-hmm-based hypothesis alignment for computing outputs from machine translation systems},
  author = {Xiaodong He and Mei Yang and Jangfeng Gao and Patrick Nguyen and Robert Moore},
  booktitle = {Proceedings of the 2008 Conference on Empirical Methods in Natural Language Processing},
  pages = {98--107},
  month     = {October},
  year      = {2008},
  address   = {Honolulu, Hawaii},
  publisher = {Association for Computational Linguistics},
}
@INPROCEEDINGS{Henderson:1999,
  title={Exploiting diversity in natural language processing: Combining parsers},
  author={Henderson, John C. and Brill, Eric},
  booktitle={Proceedings of the Fourth Conference on Empirical Methods in Natural Language Processing},
  pages={187--194},
  year={1999}
}
@INPROCEEDINGS{Huang:2008,
  author = {Liang Huang},
  title = {Forest reranking: discriminative parsing with non-local features},
  booktitle = {Proceedings of ACL-08: HLT},
  year = {2008},
  pages = {586--594},
  address = {Columbus, Ohio},
  month = {June},
  publisher = {Association for Computational Linguistics},
  file = {:2008-ACL-LiangHuang-forest reranking.pdf:PDF},
  url = {http://www.aclweb.org/anthology/P/P08/P08-1067}
}
@INPROCEEDINGS{Huang:2007,
  author = {Liang Huang},
  title = {Binarization, synchronous binarization, and target-side binarization},
  booktitle = {Proceedings of the NAACL-HLT 2007/AMTA Workshop on Syntax and Structure
	in Statistical Translation},
  year = {2007},
  pages = {33--40},
  organization = {Association for Computational Linguistics},
  file = {:2007-NAACL-LiangHuang-binzrization.pdf:PDF}
}
@INPROCEEDINGS{Huang:2005,
  author = {Liang Huang and David Chiang},
  title = {Better k-best parsing},
  booktitle = {Proceedings of the Ninth International Workshop on Parsing Technology},
  year = {2005},
  pages = {53--64},
  organization = {Association for Computational Linguistics},
  file = {:2005-IWPT-LiangHuang-k-best parsing.pdf:PDF}
}
@INPROCEEDINGS{Huang:2009,
  author = {Liang Huang and Wenbin Jiang and Qun Liu},
  title = {Bilingually-constrained (monolingual) shift-reduce parsing},
  booktitle = {Proceedings of the 2009 Conference on Empirical Methods in Natural
	Language Processing},
  year = {2009},
  pages = {1222--1231},
  address = {Singapore},
  month = {August},
  publisher = {Association for Computational Linguistics},
  file = {:2009-EMNLP-LiangHuang-shift-reduce parsing.pdf:PDF},
  url = {http://www.aclweb.org/anthology/D/D09/D09-1127}
}
@INPROCEEDINGS{Huang:2006,
  author = {Liang Huang and Kevin Knight and Aravind Joshi},
  title = {Statistical syntax-directed translation with extended domain of locality},
  booktitle = {Proceedings of AMTA},
  year = {2006},
  pages = {66--73},
  organization = {Citeseer},
  file = {:2006-AMTA-LiangHuang-domain of locality.pdf:PDF}
}
@INPROCEEDINGS{Graehl:2004,
  author = {Graehl Jonathan and Knight Kevin},
  title = {Training tree transducers},
  booktitle = {HLT-NAACL 2004: Main Proceedings },
  year = {2004},
  editor = {Susan Dumais, Daniel Marcu and Salim Roukos},
  pages = {105--112},
  address = {Boston, Massachusetts, USA},
  month = {May 2 - May 7},
  publisher = {Association for Computational Linguistics},
  file = {:2004-NAACL-JonathanGraehl-traing tree transducers.pdf:PDF}
}
@INPROCEEDINGS{Klein:2001,
  author = {Klein, Dan and Manning, Christopher D.},
  title = {Parsing and hypergraphs},
  booktitle = {Proceedings of the Seventh International Workshop on Parsing Technologies},
  year = {2001},
  pages = {17--19},
  address = {Beijing, China},
  month = {October},
  file = {:2001-IWPT-DanKlein-parsing and hypergraphs.pdf:PDF}
}
@INPROCEEDINGS{Kneser:1995,
  author = {Reinhard Kneser and Hermann Ney},
  title = {Improved backing-off for m-gram language modeling},
  booktitle = {ICASSP 1995},
  year = {1995},
}
@INPROCEEDINGS{Koehn:2004,
  author = {Philipp Koehn},
  title = {Statistical significance tests for machine translation evaluation},
  booktitle = {Proceedings of 2004 Conference on Empirical Methods in Natural
	Language Processing},
  year = {2004},
  pages = {388--395},
}
@inproceedings{Kumar:2002,
author = {Kumar, Shankar and Byrne, William},
title = {{Minimum Bayes-Risk Word Alignments of Bilingual Texts}},
booktitle = {Proceedings of the 2002 Conference on Empirical Methods in Natural Language Processing},
year = {2002},
pages = {140--147},
publisher = {Association for Computational Linguistics},
}
@INPROCEEDINGS{Kumar:2004,
  author = {Shankar Kumar and William Byrne},
  title = {Minimum bayes-risk decoding for statistical machine translation},
  booktitle = {HLT-NAACL 2004: Main Proceedings },
  year = {2004},
  editor = {Susan Dumais, Daniel Marcu and Salim Roukos},
  pages = {169--176},
  address = {Boston, Massachusetts, USA},
  month = {May 2 - May 7},
  publisher = {Association for Computational Linguistics},
  file = {:2004-NAACL-SHankarKumar-Minimum Bayes-Risk Decoding for SMT.pdf:PDF}
}
@InProceedings{Kumar:2009,
  author    = {Kumar, Shankar  and  Macherey, Wolfgang  and  Dyer, Chris  and  Och, Franz},
  title     = {Efficient Minimum Error Rate Training and Minimum Bayes-Risk Decoding for Translation Hypergraphs and Lattices},
  booktitle = {Proceedings of the Joint Conference of the 47th Annual Meeting of the ACL and the 4th International Joint Conference on Natural Language Processing of the AFNLP},
  month     = {August},
  year      = {2009},
  address   = {Suntec, Singapore},
  publisher = {Association for Computational Linguistics},
  pages     = {163--171},
}
@InProceedings{Li:2009,
  author    = {Li, Zhifei  and  Eisner, Jason  and  Khudanpur, Sanjeev},
  title     = {Variational Decoding for Statistical Machine Translation},
  booktitle = {Proceedings of the Joint Conference of the 47th Annual Meeting of the ACL and the 4th International Joint Conference on Natural Language Processing of the AFNLP},
  month     = {August},
  year      = {2009},
  address   = {Suntec, Singapore},
  publisher = {Association for Computational Linguistics},
  pages     = {593--601},
}
@INPROCEEDINGS{Liang:2006,
  author = {Percy Liang and Ben Taskar and Dan Klein},
  title = {Alignment by agreement},
  booktitle = {Proceedings of the Human Language Technology Conference of the NAACL,
	Main Conference},
  year = {2006},
  pages = {104--111},
  address = {New York City, USA},
  month = {June},
  publisher = {Association for Computational Linguistics},
  file = {:2006-NAACL-PercyLiang-alignment by agreement.pdf:PDF},
  url = {http://www.aclweb.org/anthology/N/N06/N06-1014}
}
@article{Liu:2010,
  title={Discriminative word alignment by linear modeling},
  author={Liu, Yang and Liu, Qun and Lin, Shouxun},
  journal={Computational Linguistics},
  volume={36},
  number={3},
  pages={303--339},
  year={2010},
  publisher={MIT Press}
}
@INPROCEEDINGS{Liu:2007,
  author = {Yang Liu and Yun Huang and Qun Liu and Shouxun Lin},
  title = {Forest-to-string statistical translation rules},
  booktitle = {Proceedings of the 45th Annual Meeting of the Association of Computational
	Linguistics},
  year = {2007},
  pages = {704--711},
  address = {Prague, Czech Republic},
  month = {June},
  publisher = {Association for Computational Linguistics},
  file = {:2007-ACL-LiuYang-forest to string.pdf:PDF},
  url = {http://www.aclweb.org/anthology/P07-1089}
}
@INPROCEEDINGS{Liu:2006,
  author = {Yang Liu and Qun Liu and Shouxun Lin},
  title = {Tree-to-string alignment template for statistical machine translation},
  booktitle = {Proceedings of the 21st International Conference on Computational
	Linguistics and 44th Annual Meeting of the Association for Computational
	Linguistics},
  year = {2006},
  pages = {609--616},
  address = {Sydney, Australia},
  month = {July},
  publisher = {Association for Computational Linguistics},
  doi = {10.3115/1220175.1220252},
  file = {:2006-ACL-LiuYang-tree to string.pdf:PDF},
  url = {http://www.aclweb.org/anthology/P06-1077}
}
@INPROCEEDINGS{Liu:2005,
  author = {Yang Liu and Qun Liu and Shouxun Lin},
  title = {Log-linear models for word alignment},
  booktitle = {Proceedings of the 43rd Annual Meeting on Association for Computational
	Linguistics},
  year = {2005},
  pages = {466},
  organization = {Association for Computational Linguistics},
  file = {:2005-ACL-LiuYang-log-linear model for alignment.pdf:PDF}
}
@INPROCEEDINGS{Liu:2009,
  author = {Yang Liu and Tian Xia and Xinyan Xiao and Qun Liu},
  title = {Weighted alignment matrices for statistical machine translation},
  booktitle = {Proceedings of the 2009 Conference on Empirical Methods in Natural
	Language Processing},
  year = {2009},
  pages = {1017--1026},
  address = {Singapore},
  month = {August},
  publisher = {Association for Computational Linguistics},
  file = {:2009-ACL-LiuYang-wam.pdf:PDF},
  url = {http://www.aclweb.org/anthology/D/D09/D09-1106}
}
@INPROCEEDINGS{Marcu:2006,
  author = {Daniel Marcu and Wei Wang and Abdessamad Echihabi and Kevin Knight},
  title = {SPMT: statistical machine translation with syntactified target language
	phrases},
  booktitle = {Proceedings of the 2006 Conference on Empirical Methods in Natural
	Language Processing},
  year = {2006},
  pages = {44--52},
  organization = {Association for Computational Linguistics},
  file = {:2006-EMNLP-DanielMarcu-SPMT.pdf:PDF}
}
@INPROCEEDINGS{Mi:2008,
  author = {Haitao Mi and Liang Huang},
  title = {Forest-based translation rule extraction},
  booktitle = {Proceedings of the 2008 Conference on Empirical Methods in Natural
	Language Processing},
  year = {2008},
  pages = {206--214},
  address = {Honolulu, Hawaii},
  month = {October},
  publisher = {Association for Computational Linguistics},
  file = {:2008-EMNLP-MiHaitao-forest rule.pdf:PDF},
  url = {http://www.aclweb.org/anthology/D08-1022}
}
@INPROCEEDINGS{Mi:2008a,
  author = {Haitao Mi and Liang Huang and Qun Liu},
  title = {Forest-based translation},
  booktitle = {Proceedings of ACL-08: HLT},
  year = {2008},
  pages = {192--199},
  address = {Columbus, Ohio},
  month = {June},
  publisher = {Association for Computational Linguistics},
  file = {:2008-ACL-MiHaitao-forest.pdf:PDF},
  url = {http://www.aclweb.org/anthology/P/P08/P08-1023}
}
@InProceedings{Moore:2005,
  author    = {Moore, Robert C.},
  title     = {A Discriminative Framework for Bilingual Word Alignment},
  booktitle = {Proceedings of Human Language Technology Conference and Conference on Empirical Methods in Natural Language Processing},
  month     = {October},
  year      = {2005},
  address   = {Vancouver, British Columbia, Canada},
  publisher = {Association for Computational Linguistics},
  pages     = {81--88},
}
@InProceedings{Moore:2006,
  author    = {Moore, Robert C.  and  Yih, Wen-tau  and  Bode, Andreas},
  title     = {Improved Discriminative Bilingual Word Alignment},
  booktitle = {Proceedings of the 21st International Conference on Computational Linguistics and 44th Annual Meeting of the Association for Computational Linguistics},
  month     = {July},
  year      = {2006},
  address   = {Sydney, Australia},
  publisher = {Association for Computational Linguistics},
  pages     = {513--520},
}
@INPROCEEDINGS{Och:2000,
  author = {Och, Franz.J. and Ney, Hermann},
  title = {Improved statistical alignment models},
  booktitle = {Proceedings of the 38th Annual Meeting on Association for Computational
	Linguistics},
  year = {2000},
  pages = {440--447},
  organization = {Association for Computational Linguistics},
  file = {:2000-ACL-FranzOch-improved alignment.pdf:PDF}
}
@ARTICLE{Och:2003,
  author = {Franz J. Och and Hermann Ney},
  title = {A systematic comparison of various statistical alignment models},
  journal = {Computational Linguistics},
  year = {2003},
  volume = {29},
  pages = {19--51},
  number = {1},
}
@ARTICLE{Och:2004,
  author = {Franz J. Och and Hermann Ney},
  title = {The alignment template approach to statistical machine translation},
  journal = {Computational Linguistics},
  year = {2004},
  volume = {30},
  pages = {417--449},
  number = {4},
  file = {:2004-CL-FranzOch-alignment template.pdf:PDF},
  publisher = {MIT Press}
}
@INPROCEEDINGS{Och:2002,
  author = {Franz Josef Och and Hermann Ney},
  title = {Discriminative training and maximum entropy models for statistical
	machine translation},
  booktitle = {Proceedings of 40th Annual Meeting of the Association for Computational
	Linguistics},
  year = {2002},
  pages = {295--302},
  address = {Philadelphia, Pennsylvania, USA},
  month = {July},
  publisher = {Association for Computational Linguistics},
  file = {:2002-ACL-FranzOch-discriminative training.pdf:PDF}
}
@INPROCEEDINGS{Papineni:2002,
  author = {Kishore Papineni and Salim Roukos and Todd Ward and Wei-Jing Zhu},
  title = {Bleu: a method for automatic evaluation of machine translation},
  booktitle = {ACL 2002},
  year = {2002},
}
@INPROCEEDINGS{Quirk:2006,
  author = {Chris Quirk and Simon Corston-Oliver},
  title = {The impact of parsing quality on syntactically-informed statistical
	machine translation},
  booktitle = {Proceedings of the 2006 Conference on Empirical Methods in Natural
	Language Processing},
  year = {2006},
  pages = {62--69},
  organization = {Association for Computational Linguistics},
  file = {:2006-EMNLP-ChrisQuirk-parsing quality.pdf:PDF}
}
@INPROCEEDINGS{Quirk:2005,
  author = {Chris Quirk and Arul Menezes and Colin Cherry},
  title = {Dependency treelet translation: syntactically informed phrasal SMT},
  booktitle = {Proceedings of the 43rd Annual Meeting on Association for Computational
	Linguistics},
  year = {2005},
  pages = {271-279},
  organization = {Association for Computational Linguistics},
  file = {:2005-ACL-ChrisQuirk-dependency treelet.pdf:PDF},
  location = {Ann Arbor, Michigan}
}
@inproceedings{Riesa:2010,
author = {Riesa, Jason and Marcu, Daniel},
title = {{Hierarchical Search for Word Alignment}},
booktitle = {Proceedings of the 48th Annual Meeting of the Association for Computational Linguistics},
year = {2010},
pages = {157--166},
organization = {Uppsala, Sweden},
address = {Uppsala, Sweden},
month = {jun},
}
@InProceedings{Rosti:2007,
  author    = {Rosti, Antti-Veikko  and  Ayan, Necip Fazil  and  Xiang, Bing  and  Matsoukas, Spyros  and  Schwartz, Richard  and  Dorr, Bonnie},
  title     = {Combining Outputs from Multiple Machine Translation Systems},
  booktitle = {Human Language Technologies 2007: The Conference of the North American Chapter of the Association for Computational Linguistics; Proceedings of the Main Conference},
  month     = {April},
  year      = {2007},
  address   = {Rochester, New York},
  publisher = {Association for Computational Linguistics},
  pages     = {228--235},
}
@InProceedings{Sagae:2006,
  author    = {Sagae, Kenji  and  Lavie, Alon},
  title     = {Parser Combination by Reparsing},
  booktitle = {Proceedings of the Human Language Technology Conference of the NAACL, Companion Volume: Short Papers},
  month     = {June},
  year      = {2006},
  address   = {New York City, USA},
  publisher = {Association for Computational Linguistics},
  pages     = {129--132},
  url       = {http://www.aclweb.org/anthology/N/N06/N06-2033}
}
@INPROCEEDINGS{Setiawan:2009,
  author = {Hendra Setiawan and Min Yen Kan and Haizhou Li and Philip Resnik},
  title = {Topological ordering of function words in hierarchical phrase-based
	translation},
  booktitle = {Proceedings of the Joint Conference of the 47th Annual Meeting of
	the ACL and the 4th International Joint Conference on Natural Language
	Processing of the AFNLP},
  year = {2009},
  pages = {324--332},
  address = {Suntec, Singapore},
  month = {August},
  publisher = {Association for Computational Linguistics},
  file = {2009-ACL-HendraSetiawan-hierarchical reorder.pdf:2009-ACL-HendraSetiawan-hierarchical reorder.pdf:PDF},
  url = {http://www.aclweb.org/anthology/P/P09/P09-1037}
}
@INPROCEEDINGS{Shen:2008,
  author = {Libin Shen and Jinxi Xu and Ralph Weischedel},
  title = {A new string-to-dependency machine translation algorithm with a target
	dependency language model},
  booktitle = {Proceedings of ACL-08: HLT},
  year = {2008},
  pages = {577--585},
  address = {Columbus, Ohio},
  month = {June},
  publisher = {Association for Computational Linguistics},
  file = {:2008-ACL-LibinShen-string-dependency.pdf:PDF},
  url = {http://www.aclweb.org/anthology/P/P08/P08-1066}
}
@INPROCEEDINGS{Shen:2009,
  author = {Libin Shen and Jinxi Xu and Bing Zhang and Spyros Matsoukas and Ralph
	Weischedel},
  title = {Effective use of linguistic and contextual information for statistical
	machine translation},
  booktitle = {Proceedings of the 2009 Conference on Empirical Methods in Natural
	Language Processing},
  year = {2009},
  pages = {72--80},
  address = {Singapore},
  month = {August},
  publisher = {Association for Computational Linguistics},
  file = {:2009-EMNLP-LibinShen-linguistic and contextual information.pdf:PDF},
  url = {http://www.aclweb.org/anthology/D/D09/D09-1008}
}
@INPROCEEDINGS{Stolcke:2002,
  author = {Andreas Stolcke},
  title = {SRILM - an extensible language modeling toolkit},
  booktitle = {Proceedings of Seventh International Conference on Spoken Language
	Processing},
  year = {2002},
  volume = {3},
  pages = {901--904},
  organization = {Citeseer},
  file = {:2002-ICSLP-AndreasStolcke-srilm.pdf:PDF}
}
@InProceedings{Sun:2012,
  author    = {Sun, Weiwei  and  Wan, Xiaojun},
  title     = {Reducing Approximation and Estimation Errors for Chinese Lexical Processing with Heterogeneous Annotations},
  booktitle = {Proceedings of the 50th Annual Meeting of the Association for Computational Linguistics (Volume 1: Long Papers)},
  month     = {July},
  year      = {2012},
  address   = {Jeju Island, Korea},
  publisher = {Association for Computational Linguistics},
  pages     = {232--241},
  url       = {http://www.aclweb.org/anthology/P12-1025}
}
@InProceedings{Taskar:2005,
  author    = {Taskar, Ben  and  Simon, Lacoste-Julien  and  Dan, Klein},
  title     = {A Discriminative Matching Approach to Word Alignment},
  booktitle = {Proceedings of Human Language Technology Conference and Conference on Empirical Methods in Natural Language Processing},
  month     = {October},
  year      = {2005},
  address   = {Vancouver, British Columbia, Canada},
  publisher = {Association for Computational Linguistics},
  pages     = {73--80},
}
@InProceedings{Tromble:2008,
  author    = {Tromble, Roy  and  Kumar, Shankar  and  Och, Franz  and  Macherey, Wolfgang},
  title     = {Lattice {Minimum Bayes-Risk} Decoding for Statistical Machine Translation},
  booktitle = {Proceedings of the 2008 Conference on Empirical Methods in Natural Language Processing},
  month     = {October},
  year      = {2008},
  address   = {Honolulu, Hawaii},
  publisher = {Association for Computational Linguistics},
  pages     = {620--629},
}
@inproceedings{Tu:2011,
author = {Tu, Zhaopeng and Liu, Yang and Liu, Qun and Lin, Shouxun},
title = {{Extracting Hierarchical Rules from a Weighted Alignment Matrix}},
booktitle = {Proceedings of the 5th International Joint Conference on Natural Language Processing},
year = {2011},
pages = {1294--1303},
publisher = {Asian Federation of Natural Language Processing},
address = {Chiang Mai, Thailand},
month = {Nov},
}
@INPROCEEDINGS{Tu:2010,
  author = {Tu, Zhaopeng and Liu, Yang and Hwang, Young-Sook and Liu, Qun and
	Lin, Shouxun},
  title = {Dependency Forest for Statistical Machine Translation},
  booktitle = {Proceedings of the 23rd International Conference on Computational
	Linguistics (Coling 2010)},
  year = {2010},
  pages = {1092--1100},
  address = {Beijing, China},
  month = {August},
  publisher = {International Committee on Computational Linguistics},
  file = {:2010-COLING-TuZhaopeng-dependency forest.pdf:PDF},
  url = {http://www.aclweb.org/anthology/C10-1123}
}
@INPROCEEDINGS{Venugopal:2003,
  author = {Ashish Venugopal and Stephan Vogel and Alex Waibel},
  title = {Effective phrase translation extraction from alignment models},
  booktitle = {Proceedings of ACL},
  year = {2003},
  file = {:2003-ACL-Venugopal-alignment model.pdf:PDF},
  owner = {tuzhaopeng},
  timestamp = {2010.01.31}
}
@INPROCEEDINGS{Venugopal:2008,
  author = {Ashish Venugopal and Andreas Zollmann and Noah A. Smith and Stephan
	Vogel},
  title = {Wider pipelines: n-best alignments and parses in MT training},
  booktitle = {Proceedings of AMTA},
  year = {2008},
  address = {Honolulu, Hawaii},
  file = {:2008-AMTA-Venugopal-nbest alignment.pdf:PDF}
}
@article{Valiant:1979,
  title={The complexity of computing the permanent},
  author={Valiant, Leslie G},
  journal={Theoretical Computer Science},
  volume={8},
  number={2},
  pages={189--201},
  year={1979},
  publisher={Elsevier}
}
@inproceedings{Vogel:1996,
  title={HMM-based word alignment in statistical translation},
  author={Stephan Vogel and Hermann Ney and Christoph Tillmann},
  booktitle={Proceedings of the 16th conference on Computational linguistics},
  pages={836--841},
  year={1996},
  organization={Association for Computational Linguistics}
}
@INPROCEEDINGS{Wang:2007,
  author = {Wei Wang and Kevin Knight and Daniel Marcu},
  title = {Binarizing syntax trees to improve syntax-based machine translation
	accuracy},
  booktitle = {Proceedings of the 2007 Joint Conference on Empirical Methods in
	Natural Language Processing and Computational Natural Language Learning
	(EMNLP-CoNLL)},
  year = {2007},
  pages = {746--754},
  address = {Prague, Czech Republic},
  month = {June},
  publisher = {Association for Computational Linguistics},
  file = {:2007-EMNLP-WeiWang-binarizing syntax trees.pdf:PDF},
  url = {http://www.aclweb.org/anthology/D/D07/D07-1078}
}
@InProceedings{Xiao:2010,
  author    = {Xiao, Tong  and  Zhu, Jingbo  and  Zhang, Hao  and  Zhu, Muhua},
  title     = {An Empirical Study of Translation Rule Extraction with Multiple Parsers},
  booktitle = {Coling 2010: Posters},
  month     = {August},
  year      = {2010},
  address   = {Beijing, China},
  publisher = {International Committee on Computational Linguistics},
  pages     = {1345--1353},
  url       = {http://www.aclweb.org/anthology/C10-2154}
}
@INPROCEEDINGS{Xiong:2006,
  author = {Deyi Xiong and Qun Liu and Shouxun Lin},
  title = {Maximum entropy based phrase reordering model for statistical machine
	translation},
  booktitle = {Proceedings of the 21st International Conference on Computational
	Linguistics and 44th Annual Meeting of the Association for Computational
	Linguistics},
  year = {2006},
  pages = {521--528},
  address = {Sydney, Australia},
  month = {July},
  publisher = {Association for Computational Linguistics},
  doi = {10.3115/1220175.1220241},
  file = {:2006-ACL-XiongDeyi-ME reordering.pdf:PDF},
  url = {http://www.aclweb.org/anthology/P06-1066}
}
@INPROCEEDINGS{Haghighi:2009,
  author    = {Haghighi, Aria  and  Blitzer, John  and  DeNero, John  and  Klein, Dan},
  title     = {Better Word Alignments with Supervised ITG Models},
  booktitle = {Proceedings of the Joint Conference of the 47th Annual Meeting of the ACL and the 4th International Joint Conference on Natural Language Processing of the AFNLP},
  month     = {August},
  year      = {2009},
  address   = {Suntec, Singapore},
  publisher = {Association for Computational Linguistics},
  pages     = {923--931},
  url       = {http://www.aclweb.org/anthology/P/P09/P09-1104}
}
@INPROCEEDINGS{Zhang:2005,
  title={Stochastic lexicalized inversion transduction grammar for alignment},
  author={Hao Zhang and Daniel Gildea},
  booktitle={Proceedings of the 43rd Annual Meeting on Association for Computational Linguistics},
  pages={475--482},
  year={2005},
  organization={Association for Computational Linguistics}
}
@comment{jabref-meta: selector_publisher:}
@comment{jabref-meta: psDirectory:.;}
@comment{jabref-meta: fileDirectory:.;}
@comment{jabref-meta: selector_author:}
@comment{jabref-meta: selector_journal:}
@comment{jabref-meta: selector_keywords:}
@comment{jabref-meta: pdfDirectory:.;}
@comment{jabref-meta: groupsversion:3;}
@comment{jabref-meta: groupstree:
0 AllEntriesGroup:;
1 KeywordGroup:hierarchical\;0\;keywords\;hierarchical\;0\;0\;;
1 ExplicitGroup:joint\;0\;DeNero:2010\;;
}
@article{gehring2016convolutional,
  title={A Convolutional Encoder Model for Neural Machine Translation},
  author={Gehring, Jonas and Auli, Michael and Grangier, David and Dauphin, Yann N},
  journal={arXiv preprint arXiv:1611.02344},
  year={2016}
}
@inproceedings{li2016phrase,
  title={Phrase-Level Combination of SMT and TM Using Constrained Word Lattice},
  author={Li, Liangyou and Way, Andy and Liu, Qun},
  booktitle={The 54th Annual Meeting of the Association for Computational Linguistics},
  pages={275},
  year={2016}
}
@inproceedings{hu2014convolutional,
  title={Convolutional neural network architectures for matching natural language sentences},
  author={Hu, Baotian and Lu, Zhengdong and Li, Hang and Chen, Qingcai},
  booktitle={Advances in neural information processing systems},
  pages={2042--2050},
  year={2014}
}
@article{gu2016incorporating,
  title={Incorporating copying mechanism in sequence-to-sequence learning},
  author={Gu, Jiatao and Lu, Zhengdong and Li, Hang and Li, Victor OK},
  journal={arXiv preprint arXiv:1603.06393},
  year={2016}
}
@article{gulcehre2016pointing,
  title={Pointing the unknown words},
  author={Gulcehre, Caglar and Ahn, Sungjin and Nallapati, Ramesh and Zhou, Bowen and Bengio, Yoshua},
  journal={arXiv preprint arXiv:1603.08148},
  year={2016}
}
@article{steinberger2006jrc,
  title={The JRC-Acquis: A multilingual aligned parallel corpus with 20+ languages},
  author={Steinberger, Ralf and Pouliquen, Bruno and Widiger, Anna and Ignat, Camelia and Erjavec, Tomaz and Tufis, Dan and Varga, D{\'a}niel},
  journal={arXiv preprint cs/0609058},
  year={2006}
}
@article{gulcehre2015using,
  title={On using monolingual corpora in neural machine translation},
  author={Gulcehre, Caglar and Firat, Orhan and Xu, Kelvin and Cho, Kyunghyun and Barrault, Loic and Lin, Huei-Chi and Bougares, Fethi and Schwenk, Holger and Bengio, Yoshua},
  journal={arXiv preprint arXiv:1503.03535},
  year={2015}
}
@article{chen2017teacher,
  title={A Teacher-Student Framework for Zero-Resource Neural Machine Translation},
  author={Chen, Yun and Liu, Yang and Cheng, Yong and Li, Victor OK},
  journal={arXiv preprint arXiv:1705.00753},
  year={2017}
}
@article{zoph2016multi,
  title={Multi-source neural translation},
  author={Zoph, Barret and Knight, Kevin},
  journal={arXiv preprint arXiv:1601.00710},
  year={2016}
}
@inproceedings{Garmash2016EnsembleLF,
  title={Ensemble Learning for Multi-Source Neural Machine Translation},
  author={Ekaterina Garmash and Christof Monz},
  booktitle={COLING},
  year={2016}
}
@article{caglayan2016does,
  title={Does Multimodality Help Human and Machine for Translation and Image Captioning?},
  author={Caglayan, Ozan and Aransa, Walid and Wang, Yaxing and Masana, Marc and Garc{\'\i}a-Mart{\'\i}nez, Mercedes and Bougares, Fethi and Barrault, Lo{\"\i}c and van de Weijer, Joost},
  journal={arXiv preprint arXiv:1605.09186},
  year={2016}
}
@article{nadejde2017syntax,
  title={Syntax-aware Neural Machine Translation Using CCG},
  author={Nadejde, Maria and Reddy, Siva and Sennrich, Rico and Dwojak, Tomasz and Junczys-Dowmunt, Marcin and Koehn, Philipp and Birch, Alexandra},
  journal={arXiv preprint arXiv:1702.01147},
  year={2017}
}
@article{aharoni2017towards,
  title={Towards string-to-tree neural machine translation},
  author={Aharoni, Roee and Goldberg, Yoav},
  journal={arXiv preprint arXiv:1704.04743},
  year={2017}
}
@article{eriguchi2017learning,
  title={Learning to parse and translate improves neural machine translation},
  author={Eriguchi, Akiko and Tsuruoka, Yoshimasa and Cho, Kyunghyun},
  journal={arXiv preprint arXiv:1702.03525},
  year={2017}
}
@article{cho2015natural,
  title={Natural language understanding with distributed representation},
  author={Cho, Kyunghyun},
  journal={arXiv preprint arXiv:1511.07916},
  year={2015}
}
@article{gulcehre2016dynamic,
  title={Dynamic Neural Turing Machine with Continuous and Discrete Addressing Schemes},
  author={Gulcehre, Caglar and Chandar, Sarath and Cho, Kyunghyun and Bengio, Yoshua},
  journal={arXiv preprint arXiv:1607.00036},
  year={2016}
}
@article{miller2016key,
  title={Key-value memory networks for directly reading documents},
  author={Miller, Alexander and Fisch, Adam and Dodge, Jesse and Karimi, Amir-Hossein and Bordes, Antoine and Weston, Jason},
  journal={arXiv preprint arXiv:1606.03126},
  year={2016}
}
@article{devlin2015exploring,
  title={Exploring nearest neighbor approaches for image captioning},
  author={Devlin, Jacob and Gupta, Saurabh and Girshick, Ross and Mitchell, Margaret and Zitnick, C Lawrence},
  journal={arXiv preprint arXiv:1505.04467},
  year={2015}
}
@article{pritzel2017neural,
  title={Neural Episodic Control},
  author={Pritzel, Alexander and Uria, Benigno and Srinivasan, Sriram and Puigdom{\`e}nech, Adri{\`a} and Vinyals, Oriol and Hassabis, Demis and Wierstra, Daan and Blundell, Charles},
  journal={arXiv preprint arXiv:1703.01988},
  year={2017}
}
@article{nogueira2017task,
  title={Task-Oriented Query Reformulation with Reinforcement Learning},
  author={Nogueira, Rodrigo and Cho, Kyunghyun},
  journal={arXiv preprint arXiv:1704.04572},
  year={2017}
}
@article{jean2017does,
  title={Does Neural Machine Translation Benefit from Larger Context?},
  author={Jean, Sebastien and Lauly, Stanislas and Firat, Orhan and Cho, Kyunghyun},
  journal={arXiv preprint arXiv:1704.05135},
  year={2017}
}
@article{wang2017exploiting,
  title={Exploiting Cross-Sentence Context for Neural Machine Translation},
  author={Wang, Longyue and Tu, Zhaopeng and Way, Andy and Liu, Qun},
  journal={arXiv preprint arXiv:1704.04347},
  year={2017}
}
@article{FAISS,
  title={Billion-scale similarity search with GPUs},
  author={Johnson, Jeff and Douze, Matthijs and J{\'e}gou, Herv{\'e}},
  journal={arXiv preprint arXiv:1702.08734},
  year={2017}
}
@article{kaiser2017learning,
  title={Learning to remember rare events},
  author={Kaiser, {\L}ukasz and Nachum, Ofir and Roy, Aurko and Bengio, Samy},
  journal={arXiv preprint arXiv:1703.03129},
  year={2017}
}
@article{bordes2015large,
  title={Large-scale simple question answering with memory networks},
  author={Bordes, Antoine and Usunier, Nicolas and Chopra, Sumit and Weston, Jason},
  journal={arXiv preprint arXiv:1506.02075},
  year={2015}
}
@inproceedings{bollacker2008freebase,
  title={Freebase: a collaboratively created graph database for structuring human knowledge},
  author={Bollacker, Kurt and Evans, Colin and Paritosh, Praveen and Sturge, Tim and Taylor, Jamie},
  booktitle={Proceedings of the 2008 ACM SIGMOD international conference on Management of data},
  pages={1247--1250},
  year={2008},
  organization={AcM}
}
@inproceedings{Zhang2005AnEP,
  title={An Efficient Phrase-to-Phrase Alignment Model for Arbitrarily Long Phrase and Large Corpora},
  author={Ying Zhang and Stephan Vogel},
  year={2005}
}
@book{lopez2008machine,
  title={Machine translation by pattern matching},
  author={Lopez, Adam David},
  year={2008},
  publisher={University of Maryland, College Park}
}
@phdthesis{phillips2012modeling,
  title={Modeling, Relevance in Statistical Machine Translation: Scoring Aligment, Context, and Annotations of Translation Instances},
  author={Phillips, Aaron B},
  year={2012},
  school={Carnegie Mellon University}
}
@inproceedings{callison2005scaling,
  title={Scaling phrase-based statistical machine translation to larger corpora and longer phrases},
  author={Callison-Burch, Chris and Bannard, Colin and Schroeder, Josh},
  booktitle={Proceedings of the 43rd Annual Meeting on Association for Computational Linguistics},
  pages={255--262},
  year={2005},
  organization={Association for Computational Linguistics}
}
@inproceedings{artetxe2017learning,
  title={Learning bilingual word embeddings with (almost) no bilingual data},
  author={Artetxe, Mikel and Labaka, Gorka and Agirre, Eneko},
  booktitle={Proceedings of the 55th Annual Meeting of the Association for Computational Linguistics (Volume 1: Long Papers)},
  volume={1},
  pages={451--462},
  year={2017}
}
@article{gulcehre2018dynamic,
  title={Dynamic Neural Turing Machine with Continuous and Discrete Addressing Schemes},
  author={Gulcehre, Caglar and Chandar, Sarath and Cho, Kyunghyun and Bengio, Yoshua},
  journal={Neural computation},
  volume={30},
  number={4},
  pages={857--884},
  year={2018},
  publisher={MIT Press}
}
@article{robbins1951stochastic,
  title={A stochastic approximation method},
  author={Robbins, Herbert and Monro, Sutton},
  journal={The annals of mathematical statistics},
  pages={400--407},
  year={1951},
  publisher={JSTOR}
}
@article{Gu2017NonAutoregressiveNM,
  title={Non-Autoregressive Neural Machine Translation},
  author={Jiatao Gu and James Bradbury and Caiming Xiong and Victor O. K. Li and Richard Socher},
  journal={ICLR},
  year={2018}
}
@inproceedings{zhang2016exploiting,
  title={Exploiting source-side monolingual data in neural machine translation},
  author={Zhang, Jiajun and Zong, Chengqing},
  booktitle={Proceedings of the 2016 Conference on Empirical Methods in Natural Language Processing},
  pages={1535--1545},
  year={2016}
}
@inproceedings{he2016dual,
  title={Dual learning for machine translation},
  author={He, Di and Xia, Yingce and Qin, Tao and Wang, Liwei and Yu, Nenghai and Liu, Tieyan and Ma, Wei-Ying},
  booktitle={Advances in Neural Information Processing Systems},
  pages={820--828},
  year={2016}
}
@InProceedings{artetxe2017unsupervised,
  author    = {Mikel Artetxe and
               Gorka Labaka and
               Eneko Agirre and
               Kyunghyun Cho},
  title     = {Unsupervised Neural Machine Translation},
  booktitle = {Proceedings of International Conference on Learning Representations (ICLR)},
 address   = {Vancouver, Canada},
  year      = {2018},
 
}
@InProceedings{lample2017unsupervised,
  author    = {Guillaume Lample and
               Ludovic Denoyer and
               Marc'Aurelio Ranzato},
  title     = {Unsupervised Machine Translation Using Monolingual Corpora Only},
  booktitle   = {Proceedings of International Conference on Learning Representations (ICLR)},
   address   = {Vancouver, Canada},
 
  year      = {2018},
  
}
@article{cheng2016neural,
  title={Neural machine translation with pivot languages},
  author={Cheng, Yong and Liu, Yang and Yang, Qian and Sun, Maosong and Xu, Wei},
  journal={arXiv preprint arXiv:1611.04928},
  year={2016}
}
@article{gu2018universal,
  title={Universal neural machine translation for extremely low resource languages},
  author={Gu, Jiatao and Hassan, Hany and Devlin, Jacob and Li, Victor OK},
  journal={arXiv preprint arXiv:1802.05368},
  year={2018}
}
@article{lake2015human,
  title={Human-level concept learning through probabilistic program induction},
  author={Lake, Brenden M and Salakhutdinov, Ruslan and Tenenbaum, Joshua B},
  journal={Science},
  volume={350},
  number={6266},
  pages={1332--1338},
  year={2015},
  publisher={American Association for the Advancement of Science}
}
@inproceedings{andrychowicz2016learning,
  title={Learning to learn by gradient descent by gradient descent},
  author={Andrychowicz, Marcin and Denil, Misha and Gomez, Sergio and Hoffman, Matthew W and Pfau, David and Schaul, Tom and de Freitas, Nando},
  booktitle={Advances in Neural Information Processing Systems},
  pages={3981--3989},
  year={2016}
}
@article{ha2016hypernetworks,
  title={Hypernetworks},
  author={Ha, David and Dai, Andrew and Le, Quoc V},
  journal={arXiv preprint arXiv:1609.09106},
  year={2016}
}
@article{mishra2017meta,
  title={Meta-learning with temporal convolutions},
  author={Mishra, Nikhil and Rohaninejad, Mostafa and Chen, Xi and Abbeel, Pieter},
  journal={arXiv preprint arXiv:1707.03141},
  year={2017}
}
@inproceedings{snell2017prototypical,
  title={Prototypical networks for few-shot learning},
  author={Snell, Jake and Swersky, Kevin and Zemel, Richard},
  booktitle={Advances in Neural Information Processing Systems},
  pages={4080--4090},
  year={2017}
}
@InProceedings{finn2017model,
  title={Model-agnostic meta-learning for fast adaptation of deep networks},
  author={Finn, Chelsea and Abbeel, Pieter and Levine, Sergey},
  booktitle={International Conference on Machine Learning (ICML)},
  year={2017}
}
@inproceedings{vinyals2016matching,
  title={Matching networks for one shot learning},
  author={Vinyals, Oriol and Blundell, Charles and Lillicrap, Tim and Wierstra, Daan and others},
  booktitle={Advances in Neural Information Processing Systems},
  pages={3630--3638},
  year={2016}
}
@article{al2017continuous,
  title={Continuous adaptation via meta-learning in nonstationary and competitive environments},
  author={Al-Shedivat, Maruan and Bansal, Trapit and Burda, Yuri and Sutskever, Ilya and Mordatch, Igor and Abbeel, Pieter},
  journal={arXiv preprint arXiv:1710.03641},
  year={2017}
}
@InProceedings{zhang2017earth,
  author = 	"Zhang, Meng
		and Liu, Yang
		and Luan, Huanbo
		and Sun, Maosong",
  title = 	"Earth Mover's Distance Minimization for Unsupervised Bilingual Lexicon Induction",
  booktitle = 	"Proceedings of the 2017 Conference on Empirical Methods in Natural Language Processing",
  year = 	"2017",
  publisher = 	"Association for Computational Linguistics",
  pages = 	"1934--1945",
  location = 	"Copenhagen, Denmark",
  url = 	"http://aclweb.org/anthology/D17-1207"
}
@article{chen2018zero,
  title={Zero-Resource Neural Machine Translation with Multi-Agent Communication Game},
  author={Chen, Yun and Liu, Yang and Li, Victor OK},
  journal={arXiv preprint arXiv:1802.03116},
  year={2018}
}
@article{lee2017emergent,
  title={Emergent translation in multi-agent communication},
  author={Lee, Jason and Cho, Kyunghyun and Weston, Jason and Kiela, Douwe},
  journal={arXiv preprint arXiv:1710.06922},
  year={2017}
}
@article{yang2018unsupervised,
  title={Unsupervised Neural Machine Translation with Weight Sharing},
  author={Yang, Zhen and Chen, Wei and Wang, Feng and Xu, Bo},
  journal={arXiv preprint arXiv:1804.09057},
  year={2018}
}
@InProceedings{shazeer2017outrageously,
  title={Outrageously large neural networks: The sparsely-gated mixture-of-experts layer},
  author={Shazeer, Noam and Mirhoseini, Azalia and Maziarz, Krzysztof and Davis, Andy and Le, Quoc and Hinton, Geoffrey and Dean, Jeff},
  booktitle = {Proceedings of International Conference on Learning Representations (ICLR)},
  year={2017}
}
@article{hassan-hp,
  author    = {Hany Hassan and
               Anthony Aue and
               Chang Chen and
               Vishal Chowdhary and
               Jonathan Clark and
               Christian Federmann and
               Xuedong Huang and
               Marcin Junczys{-}Dowmunt and
               William Lewis and
               Mu Li and
               Shujie Liu and
               Tie{-}Yan Liu and
               Renqian Luo and
               Arul Menezes and
               Tao Qin and
               Frank Seide and
               Xu Tan and
               Fei Tian and
               Lijun Wu and
               Shuangzhi Wu and
               Yingce Xia and
               Dongdong Zhang and
               Zhirui Zhang and
               Ming Zhou},
  title     = {Achieving Human Parity on Automatic Chinese to English News Translation},
  journal   = {CoRR},
  volume    = {abs/1803.05567},
  year      = {2018},
   archivePrefix = {arXiv},
  eprint    = {1803.05567},
  
}
@inproceedings{Artetxe2017LearningBW,
  title={Learning bilingual word embeddings with (almost) no bilingual data},
  author={Mikel Artetxe and Gorka Labaka and Eneko Agirre},
  booktitle={ACL},
  year={2017}
}
@inproceedings{Conneau2017WordTW,
  title={Word Translation Without Parallel Data},
  author={Alexis Conneau and Guillaume Lample and Marc'Aurelio Ranzato and Ludovic Denoyer and Herv{\'e} J{\'e}gou},
  booktitle={ICLR},
  year={2018},
  
}
@article{gumbel1954statistical,
  title={Statistical theory of extreme values and some practical applications: a series of lectures},
  author={Gumbel, Emil Julius},
  year={1954}
}
@article{maddison2016concrete,
  title={The Concrete Distribution: A Continuous Relaxation of Discrete Random Variables},
  author={Maddison, Chris J and Mnih, Andriy and Teh, Yee Whye},
  journal={arXiv preprint arXiv:1611.00712},
  year={2016}
}
@article{jang2016categorical,
  title={Categorical Reparameterization with Gumbel-Softmax},
  author={Jang, Eric and Gu, Shixiang and Poole, Ben},
  journal={arXiv preprint arXiv:1611.01144},
  year={2016}
}
@online{gumbel-machinery,
  author = {Maddison, Chris J. and Tarlow, Danny},
  title = {Gumbel Machinery},
  year = 2017,
  url = {https://cmaddis.github.io/gumbel-machinery},
  urldate = {2017-01-02}
}
@inproceedings{maddison2014sampling,
  title={A* sampling},
  author={Maddison, Chris J and Tarlow, Daniel and Minka, Tom},
  booktitle={Advances in Neural Information Processing Systems},
  pages={3086--3094},
  year={2014}
}
@inproceedings{lamb2016professor,
  title={Professor forcing: A new algorithm for training recurrent networks},
  author={Lamb, Alex M and GOYAL, Anirudh Goyal ALIAS PARTH and Zhang, Ying and Zhang, Saizheng and Courville, Aaron C and Bengio, Yoshua},
  booktitle={Advances In Neural Information Processing Systems},
  pages={4601--4609},
  year={2016}
}
@article{williams1989learning,
  title={A learning algorithm for continually running fully recurrent neural networks},
  author={Williams, Ronald J and Zipser, David},
  journal={Neural computation},
  volume={1},
  number={2},
  pages={270--280},
  year={1989},
  publisher={MIT Press}
}
@article{zhou2016deep,
  title={Deep recurrent models with fast-forward connections for neural machine translation},
  author={Zhou, Jie and Cao, Ying and Wang, Xuguang and Li, Peng and Xu, Wei},
  journal={arXiv preprint arXiv:1606.04199},
  year={2016}
}
@inproceedings{goodfellow2014generative,
  title={Generative adversarial nets},
  author={Goodfellow, Ian and Pouget-Abadie, Jean and Mirza, Mehdi and Xu, Bing and Warde-Farley, David and Ozair, Sherjil and Courville, Aaron and Bengio, Yoshua},
  booktitle={Advances in neural information processing systems},
  pages={2672--2680},
  year={2014}
}
@article{zhao2016energy,
  title={Energy-based generative adversarial network},
  author={Zhao, Junbo and Mathieu, Michael and LeCun, Yann},
  journal={arXiv preprint arXiv:1609.03126},
  year={2016}
}
@article{bengio2013estimating,
  title={Estimating or propagating gradients through stochastic neurons for conditional computation},
  author={Bengio, Yoshua and L{\'e}onard, Nicholas and Courville, Aaron},
  journal={arXiv preprint arXiv:1308.3432},
  year={2013}
}
@article{chung2016hierarchical,
  title={Hierarchical multiscale recurrent neural networks},
  author={Chung, Junyoung and Ahn, Sungjin and Bengio, Yoshua},
  journal={arXiv preprint arXiv:1609.01704},
  year={2016}
}
@article{radford2015unsupervised,
  title={Unsupervised representation learning with deep convolutional generative adversarial networks},
  author={Radford, Alec and Metz, Luke and Chintala, Soumith},
  journal={arXiv preprint arXiv:1511.06434},
  year={2015}
}
@article{im2016generating,
  title={Generating images with recurrent adversarial networks},
  author={Im, Daniel Jiwoong and Kim, Chris Dongjoo and Jiang, Hui and Memisevic, Roland},
  journal={arXiv preprint arXiv:1602.05110},
  year={2016}
}
@article{Huang2016sgan,
  title={Stacked Generative Adversarial Networks},
  author={Huang, Xun  and Li, Yixuan and Poursaeed,  Omid and Hopcroft, John and Belongie,  Serge },
  journal={arXiv preprint arXiv:1612.04357},
  year={2016}
}
@article{im2016gap,
  title={Generating adversarial parallelization},
  author={Im, Daniel Jiwoong and Ma, He and Kim, Chris Dongjoo and Taylor, Graham},
  journal={arXiv preprint arXiv:1612.04021},
  year={2016}
}
@article{yu2016seqgan,
  title={Seqgan: sequence generative adversarial nets with policy gradient},
  author={Yu, Lantao and Zhang, Weinan and Wang, Jun and Yu, Yong},
  journal={arXiv preprint arXiv:1609.05473},
  year={2016}
}
@ARTICLE{2016arXiv161104051K,
   author = {{Kusner}, M.~J. and {Hern{\'a}ndez-Lobato}, J.~M.},
    title = "{GANS for Sequences of Discrete Elements with the Gumbel-softmax Distribution}",
  journal = {ArXiv e-prints},
archivePrefix = "arXiv",
   eprint = {1611.04051},
 primaryClass = "stat.ML",
 keywords = {Statistics - Machine Learning, Computer Science - Learning},
     year = 2016,
    month = nov,
   adsurl = {http://adsabs.harvard.edu/abs/2016arXiv161104051K},
  adsnote = {Provided by the SAO/NASA Astrophysics Data System}
}
